%% Created using Papers on Mon, 05 Apr 2021.
%% http://papersapp.com/papers/

@article{2020ATel13563....1B,
author = {Buisson, D J K and Hare, J and Guver, T and Altamirano, D and Gendreau, K C and Arzoumanian, Z and Bult, P M and Strohmayer, T E and Castro Segura, N and Garcia, Javier A and Remillard, R A and Tomsick, J A and Chenevez, J and Jaisawal, G K and Ozbey Arabaci, M and Vincentelli, F and Homan, J and Guillot, S and Wolff, M T and Chakrabarty, D and Ng, M},
title = {{NICER and NuSTAR detections of Type I bursts and periodic dips in Swift J1858.6-0814}},
journal = {The Astronomer's Telegram},
year = {2020},
volume = {3563},
month = mar
}

@article{2020ApJ...895...45L,
author = {Ludlam, R M and Cackett, E M and Garc{\'\i}a, J A and Miller, J M and Bult, P M and Strohmayer, T E and Guillot, S and Jaisawal, G K and Malacaria, C and Fabian, A C and Markwardt, C B},
title = {{NICER-NuSTAR Observations of the Neutron Star Low-mass X-Ray Binary 4U 1735-44}},
journal = {The Astrophysical Journal},
year = {2020},
volume = {895},
number = {1},
pages = {45},
month = may
}

@article{1994ARA&A..32..591P,
author = {Phinney, E S and Kulkarni, S R},
title = {{Binary and Millisecond Pulsars}},
journal = {Annual Review of Astronomy and Astrophysics},
year = {1994},
volume = {32},
pages = {591--639},
month = n/a
}

@article{2012MNRAS.426..927A,
author = {Altamirano, D and Keek, L and Cumming, A and Sivakoff, G R and Heinke, C O and Wijnands, R and Degenaar, N and Homan, J and Pooley, D},
title = {{A superburst candidate in EXO 1745-248 as a challenge to thermonuclear ignition models}},
journal = {Monthly Notices of the Royal Astronomical Society},
year = {2012},
volume = {426},
number = {2},
pages = {927--934},
month = oct
}

@article{2012ApJ...747L...4A,
author = {Altamirano, D and Belloni, T},
title = {{Discovery of High-frequency Quasi-periodic Oscillations in the Black Hole Candidate IGR J17091-3624}},
journal = {The Astrophysical Journal Letters},
year = {2012},
volume = {747},
number = {1},
pages = {L4},
month = mar
}

@article{2006rxte.prop92030A,
author = {Altamirano, Diego},
title = {{Simultaneous Rxte/radio GO Observations of the Neutron Star Low Mass X-Ray Binary 4u 1820--30}},
journal = {RXTE Proposal id.92030},
year = {2006},
pages = {92030},
month = n/a,
annote = {RXTE Proposal {\#}92030, Cycle 11}
}

@article{2008AIPC.1054..183B,
author = {Burderi, Luciano and Di Salvo, Tiziana and Riggio, Alessandro and Papitto, Alessandro and Menna, Maria Teresa},
title = {{Orbital evolution of the accreting millisecond pulsar SAX J1808.4-3658}},
journal = {COOL DISCS},
year = {2008},
volume = {1054},
number = {1},
pages = {183--189},
month = sep
}

@article{2015ATel.7364....1S,
author = {Sanna, A and Riggio, A and Pintore, F and D'A{\`\i}, A and Di Salvo, T and Burderi, L and Iaria, R and Scarano, F and Segreto, A},
title = {{Swift/BAT detected a possible new outburst of the X-ray transient SAX J1808.4-3658}},
journal = {The Astronomer's Telegram},
year = {2015},
volume = {7364},
month = apr
}

@article{2008ATel.1651....1A,
author = {Altamirano, D and Galloway, D and Chenevez, J and in't Zand, J and Kuulkers, E and Degenaar, N and Del Monte, E and Feroci, M and Costa, E and Evangelista, Y and Falanga, M and Markwardt, C and Wijnands, R and van der Klis, M},
title = {{Kilohertz QPOs, spectral state transitions and the distance to the neutron star X-ray transient IGR J17473-2721.}},
journal = {The Astronomer's Telegram},
year = {2008},
volume = {1651},
month = aug
}

@article{2020MNRAS.495.1641S,
author = {Sanna, A and Burderi, L and Gendreau, K C and Di Salvo, T and Ray, P S and Riggio, A and Gambino, A F and Iaria, R and Piga, L and Malacaria, C and Jaisawal, G K},
title = {{Timing of the accreting millisecond pulsar IGR J17591-2342: evidence of spin-down during accretion}},
journal = {Monthly Notices of the Royal Astronomical Society},
year = {2020},
volume = {495},
number = {2},
pages = {1641--1649},
month = jun
}

@article{2014ATel.6469....1A,
author = {Altamirano, D and Wijnands, R and Heinke, C O and Bahramian, A},
title = {{Swift observations of the ongoing outburst of IGR J17451-3022}},
journal = {The Astronomer's Telegram},
year = {2014},
volume = {6469},
month = sep
}

@article{2011ATel.3230....1A,
author = {Altamirano, D and Belloni, T and Krimm, H and Casella, P and Curran, P and Kennea, J and Kalamkar, M and van der Klis, M and Wijnands, R and Linares, M and Motta, S and Mu{\~n}oz-Darias, T and Stiele, H},
title = {{IGR J17091-3624 undergoes 'heartbeat' oscillations similar to those of GRS 1915+105}},
journal = {The Astronomer's Telegram},
year = {2011},
volume = {3230},
month = mar
}

@article{2006cosp...36.1812B,
author = {Burderi, L and D'Antona, F and Di Salvo, T and Riggio, A},
title = {{Evolution of binary millisecond pulsars with light companions: the case of PSR J1748-2446ad}},
journal = {36th COSPAR Scientific Assembly. Held 16 - 23 July 2006},
year = {2006},
volume = {36},
pages = {1812},
month = n/a
}

@article{2001ApJ...560L..71B,
author = {Burderi, Luciano and Possenti, Andrea and D'Antona, Francesca and Di Salvo, Tiziana and Burgay, Marta and Stella, Luigi and Menna, Maria Teresa and Iaria, Rosario and Campana, Sergio and D'Amico, Nichi},
title = {{Where May Ultrafast Rotating Neutron Stars Be Hidden?}},
journal = {The Astrophysical Journal},
year = {2001},
volume = {560},
number = {1},
pages = {L71--L74},
month = oct
}

@article{2009ATel.2182....1A,
author = {Altamirano, D and Strohmayer, T E and Heinke, Craig O and Markwardt, C B and Swank, J H and Pereira, D and Smith, E and Wijnands, R and Linares, M and Patruno, A and Casella, P and van der Klis, M},
title = {{Discovery of a {\textasciitilde}205 Hz X-ray pulsar in the globular cluster NGC 6440}},
journal = {The Astronomer's Telegram},
year = {2009},
volume = {2182},
month = aug
}

@article{2007ATel.1132....1B,
author = {Burderi, L and Testa, V and Menna, M T and Israel, G L and Di Salvo, T and Papitto, A and Riggio, A and Antonelli, A and Bozzo, E and Burgay, M and D'Amico, N and Gallo, E and Iaria, R and Possenti, A},
title = {{Possible IR counterpart of the newly discovered X-ray MSP SWIFT J1756.9-2508}},
journal = {The Astronomer's Telegram},
year = {2007},
volume = {1132},
month = jul
}

@article{1999MmSAI..70.1113B,
author = {Burderi, L and Di Salvo, T and La Parola, V and Robba, N R},
title = {{Observations of two Be/X-ray binaries: EXO 0531-66 and X Persei.}},
journal = {Memorie della Societa Astronomica Italiana},
year = {1999},
volume = {70},
pages = {1113--1119},
month = n/a
}

@article{2004RMxAC..20...25B,
author = {Burderi, L and Di Salvo, T and D'Antona, F and Robba, N R and Testa, V},
title = {{The Optical Counterpart of SAX J1808.4-3658 in Quiescence: Evidence of an Active Radio Pulsar?}},
journal = {Compact Binaries in the Galaxy and Beyond},
year = {2004},
volume = {20},
pages = {25--27},
month = jul
}

@article{2015MNRAS.449.4027A,
author = {Altamirano, Diego and M{\'e}ndez, Mariano},
title = {{The evolution of the X-ray phase lags during the outbursts of the black hole candidate GX 339-4}},
journal = {Monthly Notices of the Royal Astronomical Society},
year = {2015},
volume = {449},
number = {4},
pages = {4027--4037},
month = jun
}

@inproceedings{2000AIPC..513..353B,
author = {Burderi, L and Fauci, F},
title = {{The gamma-ray pulsar Geminga: radio quiet or radio loud?}},
booktitle = {NUCLEAR AND CONDENSED MATTER PHYSICS: VI Regional Conference. AIP Conference Proceedings},
year = {2000},
pages = {353--356},
organization = {Osservatorio Astronomico di Roma, via Frascati 33-00040 Monteporzio Catone, Roma, Italy},
publisher = {American Institute of PhysicsAIP},
month = apr
}

@article{2020ATel13760....1B,
author = {Bult, P M and Arzoumanian, Z and Gendreau, K C},
title = {{NICER observes the tail of a long-duration X-ray burst in the direction of MAXI J0911-655}},
journal = {The Astronomer's Telegram},
year = {2020},
volume = {3760},
month = may
}

@article{2021arXiv210107119B,
author = {Burderi, L and Di Salvo, T and Sanna, A and Fiore, F and Riggio, A and Gambino, A F and HERMES-TP, the and Collaborations, HERMES-SP},
title = {{GrailQuest {\&} HERMES: Hunting for Gravitational Wave Electromagnetic Counterparts and Probing Space-Time Quantum Foam}},
journal = {arXiv.org},
year = {2021},
eprint = {2101.07119},
eprinttype = {arxiv},
eprintclass = {2101},
pages = {arXiv:2101.07119},
month = jan,
annote = {19 pages, 12 figures, Proceedings of SPIE Astronomical Telescopes and Instrumentation 2020; Proceedings Volume 11444, Space Telescopes and Instrumentation 2020: Ultraviolet to Gamma Ray}
}

@article{2008rxte.prop94310A,
author = {Altamirano, Diego},
title = {{a Deep Look at Accretion Disks in Strong Gravity: fe Lines, Khz Qpos and Spectral States.}},
journal = {RXTE Proposal id.94310},
year = {2008},
pages = {94310},
month = n/a,
annote = {RXTE Proposal {\#}94310, Cycle 13}
}

@article{2018ApJ...865...63S,
author = {Strohmayer, T E and Gendreau, K C and Altamirano, D and Arzoumanian, Z and Bult, P M and Chakrabarty, D and Chenevez, J and Guillot, S and Guver, T and Homan, J and Jaisawal, G K and Keek, L and Mahmoodifar, S and Miller, J M and Ozel, F},
title = {{NICER Discovers mHz Oscillations in the {\textquotedblleft}Clocked{\textquotedblright} Burster GS 1826-238}},
journal = {The Astrophysical Journal},
year = {2018},
volume = {865},
number = {1},
pages = {63},
month = sep
}

@article{2006ApJ...653L.133B,
author = {Burderi, L and Di Salvo, T and Menna, M T and Riggio, A and Papitto, A},
title = {{Order in the Chaos: Spin-up and Spin-down during the 2002 Outburst of SAX J1808.4-3658}},
journal = {arXiv.org},
year = {2006},
eprint = {astro-ph/0612093v1},
eprinttype = {arxiv},
eprintclass = {astro-ph},
number = {2},
pages = {L133--L136},
month = dec,
annote = {6 pages, including 3 figures. ApJ Letters, in press}
}

@article{2005ApJ...633..358A,
author = {Altamirano, Diego and van der Klis, M and M{\'e}ndez, M and Migliari, S and Jonker, P G and Tiengo, A and Zhang, W},
title = {{The Island State of the Atoll Source 4U 1820-30}},
journal = {The Astrophysical Journal},
year = {2005},
volume = {633},
number = {1},
pages = {358--366},
month = nov
}

@article{1992RSPTA.341...39P,
author = {Phinney, E S},
title = {{Pulsars as Probes of Newtonian Dynamical Systems}},
journal = {Philosophical Transactions: Physical Sciences and Engineering},
year = {1992},
volume = {341},
number = {1},
pages = {39--75},
month = oct
}

@article{2019ATel12869....1B,
author = {Bult, P M and Gendreau, K C and Strohmayer, T E and Arzoumanian, Z and Altamirano, D and Guillot, S},
title = {{NICER follow-up observations of the accreting millisecond X-ray pulsar MAXI J0911-655}},
journal = {The Astronomer's Telegram},
year = {2019},
volume = {2869},
month = jun
}

@article{2011ATel.3720....1A,
author = {Altamirano, D and Degenaar, N and Heinke, C O and Homan, J and Pooley, D and Sivakoff, G R and Wijnands, R},
title = {{Swift and RXTE follow up observations of the transient currently active in the globular cluster Terzan 5}},
journal = {The Astronomer's Telegram},
year = {2011},
volume = {3720},
month = oct
}

@article{2011ATel.3193....1A,
author = {Altamirano, D and Kaur, R and Degenaar, N and Wijnands, R and Yang, Y and Armas Padilla, M and Strohmayer, T and Markwardt, C},
title = {{Possible outburst in neutron star LMXB SAX J1806.5-2215}},
journal = {The Astronomer's Telegram},
year = {2011},
volume = {3193},
month = feb
}

@article{2007ApJ...657..961B,
author = {Burderi, L and Di Salvo, T and Lavagetto, G and Menna, M T and Papitto, A and Riggio, A and Iaria, R and D'Antona, F and Robba, N R and Stella, L},
title = {{Timing an Accreting Millisecond Pulsar: Measuring the Accretion Torque in IGR J00291+5934}},
journal = {The Astrophysical Journal},
year = {2007},
volume = {657},
number = {2},
pages = {961--966},
month = mar
}

@article{1996ApJ...457..348B,
author = {Burderi, L and King, A R and Wynn, G A},
title = {{Spin and Orbital Evolution in Low-Mass Binary Pulsars}},
journal = {Astrophysical Journal v.457},
year = {1996},
volume = {457},
pages = {348--},
month = jan
}

@article{2018cosp...42E2965S,
author = {Sanna, Andrea and Bozzo, Enrico and Papitto, Alessandro and Burderi, Luciano and Riggio, Alessandro and Di Salvo, Tiziana},
title = {{Observational updates on Accreting Millisecond X-ray Pulsars}},
journal = {42nd COSPAR Scientific Assembly. Held 14-22 July 2018},
year = {2018},
volume = {42},
pages = {E1.3--12--18},
month = jul
}

@article{2018ApJ...855L...4K,
author = {Keek, L and Arzoumanian, Z and Bult, P and Cackett, E M and Chakrabarty, D and Chenevez, J and Fabian, A C and Gendreau, K C and Guillot, S and Guver, T and Homan, J and Jaisawal, G K and Lamb, F K and Ludlam, R M and Mahmoodifar, S and Markwardt, C B and Miller, J M and Prigozhin, G and Soong, Y and Strohmayer, T E and Wolff, M T},
title = {{NICER Observes the Effects of an X-Ray Burst on the Accretion Environment in Aql X-1}},
journal = {The Astrophysical Journal Letters},
year = {2018},
volume = {855},
number = {1},
pages = {L4},
month = mar
}

@article{2010ApJ...717L.149M,
author = {Markwardt, C B and Strohmayer, T E},
title = {{Discovery of Eclipses from the Accreting Millisecond X-ray Pulsar SWIFT J1749.4-2807}},
journal = {The Astrophysical Journal Letters},
year = {2010},
volume = {717},
number = {2},
pages = {L149--L153},
month = jul
}

@article{2012xmm..prop...37A,
author = {Altamirano, Diego},
title = {{XMM-Newton observations of the enigmatic black hole candidate IGR J17091-3624}},
journal = {XMM-Newton Proposal ID 07212001},
year = {2012},
pages = {37},
month = oct
}

@article{2009rxte.prop95334A,
author = {Altamirano, Diego},
title = {{Predicting the Occurrence of Thermonuclear X-Ray Bursts}},
journal = {RXTE Proposal id.95334},
year = {2009},
pages = {95334},
month = n/a,
annote = {RXTE Proposal {\#}95334, Cycle 14}
}

@article{2020ATel13443....1A,
author = {Altamirano, D and Arzoumanian, Zaven and Gendreau, Keith and Bult, Peter and Strohmayer, Tod E and Homan, Jeroen},
title = {{NICER observations of the new outburst of V4641 Sgr}},
journal = {The Astronomer's Telegram},
year = {2020},
volume = {3443},
month = feb
}

@article{2007cxo..prop.2375A,
author = {Altamirano, Diego},
title = {{Observations during the rare dips observed on the X-ray binary SLX 1735--269}},
journal = {Chandra Proposal ID 09400640},
year = {2007},
pages = {2375},
month = sep
}

@article{2011xau5.confE..10B,
author = {Burderi, L and Di Salvo, T},
title = {{Non Standard Orbital Evolution In LMXBs}},
journal = {The Second Ferrara Workshop on "X-ray Astrophysics up to 511 keV"},
year = {2011},
pages = {10},
month = sep
}

@article{2017MNRAS.471..463S,
author = {Sanna, A and Di Salvo, T and Burderi, L and Riggio, A and Pintore, F and Gambino, A F and Iaria, R and Tailo, M and Scarano, F and Papitto, A},
title = {{On the timing properties of SAX J1808.4-3658 during its 2015 outburst}},
journal = {Monthly Notices of the Royal Astronomical Society},
year = {2017},
volume = {471},
number = {1},
pages = {463--477},
month = oct
}

@article{2010MNRAS.401..223A,
author = {Altamirano, D and Linares, M and Patruno, A and Degenaar, N and Wijnands, R and Klein-Wolt, M and van der Klis, M and Markwardt, C and Swank, J},
title = {{Type I X-ray bursts, burst oscillations and kHz quasi-periodic oscillations in the neutron star system IGRJ17191-2821}},
journal = {Monthly Notices of the Royal Astronomical Society},
year = {2010},
volume = {401},
number = {1},
pages = {223--230},
month = jan
}

@article{2010ATel.2952....1A,
author = {Altamirano, D and Homan, J and Linares, M and Patruno, A and Yang, Y and Watts, A and Kalamkar, M and Casella, P and Armas Padilla, M and Cavecchi, Y and Degenaar, N and Russell, D and Kaur, R and van der Klis, M and Rea, N and Wijnands, R},
title = {{The transient neutron star LMXB in the globular cluster Terzan 5 has turned into a Z-source}},
journal = {The Astronomer's Telegram},
year = {2010},
volume = {2952},
month = oct
}

@article{1997ApJ...490..343B,
author = {Burderi, L and D'Amico, N},
title = {{Probing the Equation of State of Ultradense Matter with a Submillisecond Pulsar Search Experiment}},
journal = {The Astrophysical Journal},
year = {1997},
volume = {490},
number = {1},
pages = {343--352},
month = nov
}

@article{2007rxte.prop93056A,
author = {Altamirano, Diego},
title = {{Observations of Three Persistent, but not Well-Studied Neutron Star LMXBS}},
journal = {RXTE Proposal id.93056},
year = {2007},
pages = {93056},
month = n/a,
annote = {RXTE Proposal {\#}93056, Cycle 12}
}

@article{1997NCimC..20..753B,
author = {Burderi, L and Wynn, G A and Robba, N R},
title = {{Numerical simulations of X-ray binary pulse profiles.}},
journal = {Nuovo Cimento C},
year = {1997},
volume = {20},
pages = {753--761},
month = oct
}

@article{2014MNRAS.440.3275S,
author = {Sanna, Andrea and M{\'e}ndez, Mariano and Altamirano, Diego and Belloni, Tomaso and Hiemstra, Beike and Linares, Manuel},
title = {{Broad iron emission line and kilohertz quasi-periodic oscillations in the neutron star system 4U 1636-53}},
journal = {Monthly Notices of the Royal Astronomical Society},
year = {2014},
volume = {440},
number = {4},
pages = {3275--3284},
month = jun
}

@inproceedings{2008AIPC.1068...63A,
author = {Altamirano, D and Casella, P},
title = {{Intermittent accreting millisecond pulsars: light houses with broken lamps?}},
booktitle = {A DECADE OF ACCRETING MILLISECOND X-RAY PULSARS. AIP Conference Proceedings},
year = {2008},
pages = {63--66},
organization = {University of Amsterdam},
publisher = {American Institute of PhysicsAIP},
month = oct
}

@article{2010A&A...515A..44B,
author = {Burderi, L and Di Salvo, T and Riggio, A and Papitto, A and Iaria, R and D'A{\`\i}, A and Menna, M T},
title = {{New ephemeris of the ADC source 2A 1822-371: a stable orbital-period derivative over 30 years}},
journal = {Astronomy {\&} Astrophysics},
year = {2010},
volume = {515},
pages = {A44},
month = jun
}

@article{2002ApJ...574..930B,
author = {Burderi, L and Di Salvo, T and Stella, L and Fiore, F and Robba, N R and van der Klis, M and Iaria, R and M{\'e}ndez, M and Menna, M T and Campana, S and Gennaro, G and Rebecchi, S and Burgay, M},
title = {{A BeppoSAX Observation of KS 1731-260 in Its Quiescent State: Constraints on the Magnetic Field of the Neutron Star}},
journal = {The Astrophysical Journal},
year = {2002},
volume = {574},
number = {2},
pages = {930--936},
month = aug
}

@article{2017ApJ...845..124B,
author = {Bult, Peter and van Doesburgh, Marieke and van der Klis, Michiel},
title = {{Quasi-periodic Pulse Amplitude Modulation in the Accreting Millisecond Pulsar IGR J00291+5934}},
journal = {The Astrophysical Journal},
year = {2017},
volume = {845},
number = {2},
pages = {124},
month = aug
}

@article{2006ChJAS...6a.192B,
author = {Burderi, L and Di Salvo, T and Riggio, A and Menna, M T and Lavagetto, G and Papitto, A and Iaria, R and Robba, N R and Stella, L},
title = {{Timing an Accreting Millisecond Pulsar: Measuring the Accretion Torque in IGR J00291+5934}},
journal = {Chinese Journal of Astronomy and Astrophysics},
year = {2006},
volume = {6},
number = {S},
pages = {192--196},
month = dec
}

@article{2001ASPC..229..455B,
author = {Burderi, Luciano and D'Antona, Francesca and Menna, Maria T and Stella, Luigi},
title = {{Where Have all the Submillisecond Pulsars Gone?}},
journal = {Evolution of Binary and Multiple Star Systems; A Meeting in Celebration of Peter Eggleton's 60th Birthday. ASP Conference Series},
year = {2001},
volume = {229},
pages = {455--},
month = n/a
}

@article{2009rxte.prop95331A,
author = {Altamirano, Diego},
title = {{Observations of the Intermittent X-Ray Pulsar SAX J1748.9-2021}},
journal = {RXTE Proposal id.95331},
year = {2009},
pages = {95331},
month = n/a,
annote = {RXTE Proposal {\#}95331, Cycle 14}
}

@inproceedings{2012xrb..confE...1A,
author = {Altamirano, Diego},
title = {{IGR J17091-3624: the little sister of the enigmatic black hole GRS 1915+105}},
booktitle = {X-ray Binaries. Celebrating 50 Years Since the Discovery of Sco X-1. Proceedings of the conference held 10-12 July},
year = {2012},
pages = {1},
organization = {Anton Pannekoek Institute},
month = jul
}

@article{2002rxte.prop70016B,
author = {Burderi, Luciano},
title = {{a Simultaneous Timing and Spectral Study of the Z Sourcescygnus X-2 and GX349+2 with RXTE and XMM}},
journal = {RXTE Proposal id.70016},
year = {2002},
pages = {70016},
month = n/a,
annote = {RXTE Proposal {\#}70016, Cycle 7}
}

@article{2019ATel13022....1S,
author = {Sanna, A and Di Salvo, T and Burderi, L and Riggio, A and Gambino, A and Iaria, R},
title = {{NuSTAR observation of the latest outburst of SAX J1808.4-3658}},
journal = {The Astronomer's Telegram},
year = {2019},
volume = {3022},
month = aug
}

@article{2009RMxAC..36..291B,
author = {Burderi, L and Di Salvo, T and Riggio, A and Papitto, A and Menna, M T},
title = {{Magnetic-driven Orbital Evolution of an Accreting Millisecond Pulsar: Witnessing the Banquet of a Hidden Black Widow}},
journal = {Magnetic Fields in the Universe II: From Laboratory and Stars to the Primordial Universe - Supplementary CD (Eds. A. Esquivel},
year = {2009},
volume = {36},
pages = {CD291--CD296},
month = aug
}

@article{2005AIPC..797.....B,
author = {Burderi, Luciano and Antonelli, L Angelo and D'Antona, Francesca and Di Salvo, Tiziana and Israel, Gian Luca and Piersanti, Luciano and Tornamb{\`e}, Amedeo and Straniero, Oscar},
title = {{Interacting Binaries: Accretion, Evolution, Outcomes}},
journal = {Interacting Binaries: Accretion},
year = {2005},
volume = {797},
month = oct
}

@article{2016cosp...41E..68A,
author = {Altamirano, Diego},
title = {{The future of High-Frequency QPOs and the Spectral-timing Revolution}},
journal = {41st COSPAR Scientific Assembly},
year = {2016},
volume = {41},
pages = {E1.1--98--16},
month = jul
}

@inproceedings{2008AIPC.1068...17B,
author = {Burderi, L and Di Salvo, T and Riggio, A and Papitto, A and Menna, M T},
title = {{Coherent Timing Analysis of Accreting Millisecond Pulsars}},
booktitle = {A DECADE OF ACCRETING MILLISECOND X-RAY PULSARS. AIP Conference Proceedings},
year = {2008},
pages = {17--24},
organization = {Universit{\`a} degli Studi di Cagliari, Dipartimento di Fisica, SP Monserrato-Sestu, KM 0.7, 09042 Monserrato, Italy},
publisher = {American Institute of PhysicsAIP},
month = oct
}

@article{1998MNRAS.300.1127B,
author = {Burderi, L and King, A R and Wynn, G A},
title = {{PSR J1012+5307: younger than it looks?}},
journal = {Monthly Notices of the Royal Astronomical Society},
year = {1998},
volume = {300},
number = {4},
pages = {1127--1130},
month = nov
}

@article{2020MNRAS.499..851Z,
author = {Zhang, L and Altamirano, D and C{\'u}neo, V A and Alabarta, K and Enoto, T and Homan, J and Remillard, R A and Uttley, P and Vincentelli, F M and Arzoumanian, Z and Bult, P and Gendreau, K C and Markwardt, C and Sanna, A and Strohmayer, T E and Steiner, J F and Basak, A and Neilsen, J and Tombesi, F},
title = {{NICER observations reveal that the X-ray transient MAXI J1348-630 is a black hole X-ray binary}},
journal = {Monthly Notices of the Royal Astronomical Society},
year = {2020},
volume = {499},
number = {1},
pages = {851--861},
month = nov
}

@article{2006cosp...36.1391A,
author = {Altamirano, D and Wijnands, R and van der Klis, M and M{\'e}ndez, M},
title = {{The discovery of KiloHertz QPOs in the Low Luminosity Burster Terzan 2 during the recently RARE observed X-ray Flares.}},
journal = {36th COSPAR Scientific Assembly. Held 16 - 23 July 2006},
year = {2006},
volume = {36},
pages = {1391},
month = n/a
}

@article{2018ApJ...859L...1B,
author = {Bult, Peter and Arzoumanian, Zaven and Cackett, Edward M and Chakrabarty, Deepto and Gendreau, Keith C and Guillot, Sebastien and Homan, Jeroen and Jaisawal, Gaurava K and Keek, Laurens and Kenyon, Steve and Lamb, Frederick K and Ludlam, Renee and Mahmoodifar, Simin and Markwardt, Craig and Miller, Jon M and Prigozhin, Gregory and Soong, Yang and Strohmayer, Tod E and Uttley, Phil},
title = {{A NICER Look at the Aql X-1 Hard State}},
journal = {The Astrophysical Journal Letters},
year = {2018},
volume = {859},
number = {1},
pages = {L1},
month = may
}

@article{2019ATel12580....1S,
author = {Sanna, A and Gendreau, K C and Arzoumanian, Z and Bozzo, E and Ferrigno, C and Papitto, A and Burderi, L and Riggio, A and Di Salvo, T and Chenevez, J and Jaisawal, G K and Malacaria, C and Altamirano, D and Chakrabarty, D and Ferrara, Elizabeth and Hamaguchi, Kenji},
title = {{NICER observations of the ongoing X-ray outburst from SAX J1747.0-2853}},
journal = {The Astronomer's Telegram},
year = {2019},
volume = {2580},
month = mar
}

@article{2018ApJ...858L..13S,
author = {Strohmayer, T E and Arzoumanian, Z and Bogdanov, S and Bult, P M and Chakrabarty, D and Enoto, T and Gendreau, K C and Guillot, S and Harding, A K and Ho, W C G and Homan, J and Jaisawal, G K and Keek, L and Kerr, M and Mahmoodifar, S and Markwardt, C B and Ransom, S M and Ray, P S and Remillard, R and Wolff, M T},
title = {{NICER Discovers the Ultracompact Orbit of the Accreting Millisecond Pulsar IGR J17062-6143}},
journal = {The Astrophysical Journal Letters},
year = {2018},
volume = {858},
number = {2},
pages = {L13},
month = may
}

@article{2020ATel14124....1N,
author = {Ng, M and Ray, P S and Strohmayer, T E and Bult, P M and Chakrabarty, D and Altamirano, D and Jaisawal, G K and Malacaria, C and Bogdanov, S and Gendreau, K C and Arzoumanian, Z},
title = {{NICER detection of 376 Hz X-ray pulsations from IGR J17494-3030}},
journal = {The Astronomer's Telegram},
year = {2020},
volume = {4124},
month = oct
}

@article{2021ATel14428....1B,
author = {Bult, P M and Altamirano, D and Albayati, A C and Strohmayer, T E and Ray, P S and Chakrabarty, D and Ng, M and Gendreau, K C and Arzoumanian, Z and Sanna, A},
title = {{NICER detects pulsations from Swift J1749.4-2807}},
journal = {The Astronomer's Telegram},
year = {2021},
volume = {4428},
month = mar
}

@article{2008xmm..prop..168A,
author = {Altamirano, Diego},
title = {{A deep look at accretion disks: Fe lines, kHz QPOs and spectral states.}},
journal = {XMM-Newton Proposal ID 06060704},
year = {2008},
pages = {168},
month = oct
}

@article{2009A&A...496L..17B,
author = {Burderi, L and Riggio, A and Di Salvo, T and Papitto, A and Menna, M T and D'A{\`\i}, A and Iaria, R},
title = {{Timing of the 2008 outburst of SAX J1808.4-3658 with XMM-Newton: a stable orbital-period derivative over ten years}},
journal = {Astronomy {\&} Astrophysics},
year = {2009},
volume = {496},
number = {2},
pages = {L17--L20},
month = mar
}

@article{2003ChJAS...3..311B,
author = {Burderi, L and Di Salvo, T and D'Antona, F and Testa, V and Iaria, R and Lavagetto, G and Robba, N R},
title = {{On the optical counterpart of SAX J1808.4-3658 during quiescence: evidence for an active radio pulsar?}},
journal = {Chinese Journal of Astronomy and Astrophysics},
year = {2003},
volume = {3},
number = {S1},
pages = {311--315},
month = dec
}

@article{1997ApJ...481..943B,
author = {Burderi, L and Robba, N R and La Barbera, N and Guainazzi, M},
title = {{Harmonic Coupling of the Red Noise in X-Ray Pulsars}},
journal = {The Astrophysical Journal},
year = {1997},
volume = {481},
number = {2},
pages = {943--953},
month = may
}

@article{2012hcxa.confE..11A,
author = {Altamirano, Diego and Belloni, T and Linares, M and van der Klis, M and Wijnands, R and Curran, P A and Kalamkar, M and Stiele, H and Motta, S and Mu{\~n}oz-Darias, T and Yang, Y J and Casella, P and Krimm, H},
title = {{Testing our knowledge of accretion disk physics with the BHC IGR J17091-3624}},
journal = {Half a Century of X-ray Astronomy},
year = {2012},
pages = {11},
month = sep,
annote = {38 pages}
}

@article{2012ApJ...754L..23A,
author = {Altamirano, D and Strohmayer, T},
title = {{Low-frequency (11 mHz) Oscillations in H1743-322: A New Class of Black Hole Quasi-periodic Oscillations?}},
journal = {The Astrophysical Journal Letters},
year = {2012},
volume = {754},
number = {2},
pages = {L23},
month = aug
}

@article{2008ApJ...685..436A,
author = {Altamirano, D and van der Klis, M and M{\'e}ndez, M and Jonker, P G and Klein-Wolt, M and Lewin, W H G},
title = {{X-Ray Time Variability Across the Atoll Source States of 4U 1636-53}},
journal = {The Astrophysical Journal},
year = {2008},
volume = {685},
number = {1},
pages = {436--450},
month = sep
}

@article{2018ApJ...860L..28M,
author = {Miller, J M and Gendreau, K and Ludlam, R M and Fabian, A C and Altamirano, D and Arzoumanian, Z and Bult, P M and Cackett, E M and Homan, J and Kara, E and Neilsen, J and Remillard, R A and Tombesi, F},
title = {{A NICER Spectrum of MAXI J1535-571: Near-maximal Black Hole Spin and Potential Disk Warping}},
journal = {The Astrophysical Journal Letters},
year = {2018},
volume = {860},
number = {2},
pages = {L28},
month = jun
}

@article{2012ATel.4264....1A,
author = {Altamirano, D and Wijnands, R and Heinke, C O and Sivakoff, G R and Pooley, D},
title = {{The new X-ray transient Swift J174805.3-244637 in Terzan 5 is a neutron star LMXB}},
journal = {The Astronomer's Telegram},
year = {2012},
volume = {4264},
month = jul
}

@article{1997daa..conf..213B,
author = {Burderi, L and Robba, N R and Di Salvo, T and La Barbera, N and King, A and Wynn, G A},
title = {{Aperiodic variabilities and kHz QPOs in low mass X-ray binaries.}},
journal = {Data Analysis in Astronomy},
year = {1997},
pages = {213--220},
month = n/a
}

@article{2013MNRAS.432.1144S,
author = {Sanna, Andrea and Hiemstra, Beike and M{\'e}ndez, Mariano and Altamirano, Diego and Belloni, Tomaso and Linares, Manuel},
title = {{Broad iron line in the fast spinning neutron-star system 4U 1636-53}},
journal = {Monthly Notices of the Royal Astronomical Society},
year = {2013},
volume = {432},
number = {2},
pages = {1144--1161},
month = jun
}

@article{2018ApJ...864...14B,
author = {Bult, Peter and Altamirano, Diego and Arzoumanian, Zaven and Chakrabarty, Deepto and Gendreau, Keith C and Guillot, Sebastien and Ho, Wynn C G and Jaisawal, Gaurava K and Lentine, Steven and Markwardt, Craig B and Ngo, Son N and Pope, John S and Ray, Paul S and Saylor, Maxine R and Strohmayer, Tod E},
title = {{On the 2018 Outburst of the Accreting Millisecond X-Ray Pulsar Swift J1756.9-2508 As Seen with NICER}},
journal = {The Astrophysical Journal},
year = {2018},
volume = {864},
number = {1},
pages = {14},
month = sep
}

@article{2000arxt.confE..64B,
author = {Burderi, L and Di Salvo, T and Iaria, R and La Barbera, A and Robba, N R},
title = {{On the Beat Frequency Model for the kHz QPO}},
journal = {Rossi2000: Astrophysics with the Rossi X-ray Timing Explorer. March 22-24},
year = {2000},
pages = {64},
month = n/a
}

@article{2019A&A...625L..12M,
author = {Mazzola, S M and Iaria, R and Di Salvo, T and Gambino, A F and Marino, A and Burderi, L and Sanna, A and Riggio, A and Tailo, M},
title = {{Updated orbital ephemeris of the ADC source X 1822-371: a stable orbital expansion over 40 years}},
journal = {Astronomy {\&} Astrophysics},
year = {2019},
volume = {625},
pages = {L12},
month = may
}

@article{2011ATel.3714....1A,
author = {Altamirano, D and Degenaar, N and Heinke, C O and Homan, J and Pooley, D and Sivakoff, G R and Wijnands, R},
title = {{New X-ray transient outburst in Terzan 5}},
journal = {The Astronomer's Telegram},
year = {2011},
volume = {3714},
month = oct
}

@article{2016PhRvD..93f4017B,
author = {Burderi, Luciano and Di Salvo, Tiziana},
title = {{The quantum clock: a critical discussion on space-time}},
journal = {arXiv.org},
year = {2012},
eprint = {1207.0207v1},
eprinttype = {arxiv},
eprintclass = {gr-qc},
number = {6},
pages = {064017},
month = jul,
annote = {12 pages, oral presentation at the 13th Marcel Grossmann Meeting, Stockholm 1-7 July 2012}
}

@article{2002MmSAI..73.1072B,
author = {Burderi, L and D'Antona, F and Menna, M T and Di Salvo, T and Robba, N},
title = {{Where have all the submillisecond pulsars gone ?}},
journal = {Memorie della Societa Astronomica Italiana},
year = {2002},
volume = {73},
pages = {1072--1081},
month = n/a
}

@article{2008ApJ...674L..45A,
author = {Altamirano, D and Casella, P and Patruno, A and Wijnands, R and van der Klis, M},
title = {{Intermittent Millisecond X-Ray Pulsations from the Neutron Star X-Ray Transient SAX J1748.9-2021 in the Globular Cluster NGC 6440}},
journal = {The Astrophysical Journal Letters},
year = {2008},
volume = {674},
number = {1},
pages = {L45--},
month = feb
}

@article{2008ApJ...687..488A,
author = {Altamirano, D and van der Klis, M and M{\'e}ndez, M and Wijnands, R and Markwardt, C and Swank, J},
title = {{Discovery of Kilohertz Quasi-Periodic Oscillations and State Transitions in the Low-Mass X-Ray Binary 1E 1724-3045 (Terzan 2)}},
journal = {The Astrophysical Journal},
year = {2008},
volume = {687},
number = {1},
pages = {488--504},
month = nov
}

@article{2001MmSAI..72..761B,
author = {Burderi, Luciano and Di Salvo, Tiziana and Robba, Natale R and La Barbera, Antonino and Iaria, Rosario},
title = {{Pulse phase spectroscopy of the cyclotron line in Centaurus X-3}},
journal = {Memorie della Societ{\`a} Astronomica Italiana (ISSN 0037-8720)},
year = {2001},
volume = {72},
pages = {761--764},
month = n/a
}

@article{2015ATel.7371....1S,
author = {Sanna, A and Pintore, F and Riggio, A and D'A{\`\i}, A and Di Salvo, T and Burderi, L and Iaria, R and Scarano, F and Segreto, A},
title = {{SWIFT/XRT confirmed the new outburst of SAX J1808.4-3658}},
journal = {The Astronomer's Telegram},
year = {2015},
volume = {7371},
month = apr
}

@article{2018A&A...616L..17S,
author = {Sanna, A and Bozzo, E and Papitto, A and Riggio, A and Ferrigno, C and Di Salvo, T and Iaria, R and Mazzola, S M and D'Amico, N and Burderi, L},
title = {{XMM-Newton detection of the 2.1 ms coherent pulsations from IGR J17379-3747}},
journal = {Astronomy {\&} Astrophysics},
year = {2018},
volume = {616},
pages = {L17},
month = aug
}

@article{2013PhDT.........1S,
author = {Sanna, Andrea},
title = {{Accretion flow properties in low-mass X-ray binaries}},
journal = {Ph.D. Thesis},
year = {2013},
month = feb
}

@article{2013ATel.4773....1A,
author = {Altamirano, D and Wijnands, R and Rodriguez, J and Corbel, S and Belloni, T},
title = {{The black hole candidate IGR J17091-3624 is still active}},
journal = {The Astronomer's Telegram},
year = {2013},
volume = {4773},
month = jan
}

@article{1996MNRAS.283L..63B,
author = {Burderi, L and King, A R and Wynn, G A},
title = {{The age of PSR J1012+5307}},
journal = {Monthly Notices of the Royal Astronomical Society},
year = {1996},
volume = {283},
number = {3},
pages = {L63--L68},
month = dec
}

@article{2008ApJ...673L..35A,
author = {Altamirano, D and van der Klis, M and Wijnands, R and Cumming, A},
title = {{Millihertz Oscillation Frequency Drift Predicts the Occurrence of Type I X-Ray Bursts}},
journal = {The Astrophysical Journal Letters},
year = {2008},
volume = {673},
number = {1},
pages = {L35--},
month = jan
}

@article{2006cosp...36.1812B,
author = {Burderi, L and D'Antona, F and Di Salvo, T and Riggio, A},
title = {{Evolution of binary millisecond pulsars with light companions: the case of PSR J1748-2446ad}},
journal = {36th COSPAR Scientific Assembly. Held 16 - 23 July 2006},
year = {2006},
volume = {36},
pages = {1812},
month = n/a
}

@article{2015ATel.7278....1S,
author = {Sanna, A and Altamirano, D and Rushton, A and Jonker, P},
title = {{Swift XRT confirms the new outburst of the X-ray transient XTE J1856+053}},
journal = {The Astronomer's Telegram},
year = {2015},
volume = {7278},
month = mar
}

@article{2021ApJ...907...79B,
author = {Bult, Peter and Altamirano, Diego and Arzoumanian, Zaven and Bilous, Anna V and Chakrabarty, Deepto and Gendreau, Keith C and G{\"u}ver, Tolga and Jaisawal, Gaurava K and Kuulkers, Erik and Malacaria, Christian and Ng, Mason and Sanna, Andrea and Strohmayer, Tod E},
title = {{The X-Ray Bursts of XTE J1739-285: A NICER Sample}},
journal = {The Astrophysical Journal},
year = {2021},
volume = {907},
number = {2},
pages = {79},
month = feb
}

@article{2018A&A...610L...2S,
author = {Sanna, A and Bahramian, A and Bozzo, E and Heinke, C and Altamirano, D and Wijnands, R and Degenaar, N and Maccarone, T and Riggio, A and Di Salvo, T and Iaria, R and Burgay, M and Possenti, A and Ferrigno, C and Papitto, A and Sivakoff, G R and D'Amico, N and Burderi, L},
title = {{Discovery of 105 Hz coherent pulsations in the ultracompact binary IGR J16597-3704}},
journal = {Astronomy {\&} Astrophysics},
year = {2018},
volume = {610},
pages = {L2},
month = feb
}

@article{2018ATel11957....1F,
author = {Ferrigno, C and Bozzo, W and Sanna, A and Papitto, A and Ray, P S and Bult, P M and Strohmayer, T E and Gendreau, K C and Arzoumanian, Z and Guillot, S and Jaisawal, G K and Altamirano, D and Chakrabarty, D and Bogdanov, S and Enoto, T},
title = {{IGR J17591-2342 is a 527-Hz accreting millisecond pulsar in outburst}},
journal = {The Astronomer's Telegram},
year = {2018},
volume = {1957},
month = aug
}

@article{2019ATel13001....1B,
author = {Bult, P M and Gendreau, K C and Arzoumanian, Z and Chakrabarty, D and Ray, P S and Guillot, S and Wolff, M T and Bogdanov, S and Ludlam, R M},
title = {{NICER detects X-ray pulsations from the rapidly brightening SAX J1808.4-3658}},
journal = {The Astronomer's Telegram},
year = {2019},
volume = {3001},
month = aug
}

@article{2018ATel11502....1B,
author = {Bult, P M and Gendreau, K C and Ray, P S and Altamirano, D and Arzoumanian, Z and Chakrabarty, D and Guillot, S and Jaisawal, G K and Ludlam, R M and Markwardt, C B and Mereminskiy, I A and Ozel, F and Sanna, A and Strohmayer, T E and Wolff, M T},
title = {{NICER Detects Pulsations from Swift J1756.9-2508}},
journal = {The Astronomer's Telegram},
year = {2018},
volume = {1502},
month = apr
}

@article{2017MNRAS.466.2910S,
author = {Sanna, A and Pintore, F and Bozzo, E and Ferrigno, C and Papitto, A and Riggio, A and Di Salvo, T and Iaria, R and D'A{\`\i}, A and Egron, E and Burderi, L},
title = {{Spectral and timing properties of IGR J00291+5934 during its 2015 outburst}},
journal = {Monthly Notices of the Royal Astronomical Society},
year = {2017},
volume = {466},
number = {3},
pages = {2910--2917},
month = apr
}

@article{2013ATel.5112....1A,
author = {Altamirano, D and Wijnands, R and Belloni, T},
title = {{The black hole candidate IGR J17091-3624 going to quiescence}},
journal = {The Astronomer's Telegram},
year = {2013},
volume = {5112},
month = jun
}

@article{2017ATel10079....1S,
author = {Sanna, A and D'A{\`\i}, A and Bozzo, E and Riggio, A and Pintore, F and Burderi, L and Di Salvo, T and Iaria, R},
title = {{Swift-XRT confirms the renewed X-ray activity of the Bursting Pulsar "GRO J1744-28"}},
journal = {The Astronomer's Telegram},
year = {2017},
volume = {0079},
month = feb
}

@article{2019ApJ...885L...1B,
author = {Bult, Peter and Jaisawal, Gaurava K and G{\"u}ver, Tolga and Strohmayer, Tod E and Altamirano, Diego and Arzoumanian, Zaven and Ballantyne, David R and Chakrabarty, Deepto and Chenevez, J{\'e}r{\^o}me and Gendreau, Keith C and Guillot, Sebastien and Ludlam, Renee M},
title = {{A NICER Thermonuclear Burst from the Millisecond X-Ray Pulsar SAX J1808.4-3658}},
journal = {The Astrophysical Journal Letters},
year = {2019},
volume = {885},
number = {1},
pages = {L1},
month = nov
}

@article{2014ApJ...789...99B,
author = {Bult, Peter and van der Klis, Michiel},
title = {{Discovery of 1-5 Hz Flaring at High Luminosity in SAX J1808.4-3658}},
journal = {The Astrophysical Journal},
year = {2014},
volume = {789},
number = {2},
pages = {99},
month = jul
}

@article{2017ApJ...837...61B,
author = {Bult, Peter},
title = {{The Stochastic X-Ray Variability of the Accreting Millisecond Pulsar MAXI J0911-655}},
journal = {The Astrophysical Journal},
year = {2017},
volume = {837},
number = {1},
pages = {61},
month = mar
}

@article{2018ApJ...865L..15S,
author = {Stevens, A L and Uttley, P and Altamirano, D and Arzoumanian, Z and Bult, P and Cackett, E M and Fabian, A C and Gendreau, K C and Ha, K Q and Homan, J and Ingram, A R and Kara, E and Kellogg, J and Ludlam, R M and Miller, J M and Neilsen, J and Pasham, D R and Remillard, R A and Steiner, J F and van den Eijnden, J},
title = {{A NICER Discovery of a Low-frequency Quasi-periodic Oscillation in the Soft-intermediate State of MAXI J1535-571}},
journal = {The Astrophysical Journal Letters},
year = {2018},
volume = {865},
number = {2},
pages = {L15},
month = oct
}

@article{2012MNRAS.424.2936S,
author = {Sanna, Andrea and M{\'e}ndez, Mariano and Belloni, Tomaso and Altamirano, Diego},
title = {{The time derivative of the kilohertz quasi-periodic oscillations in 4U 1636-53}},
journal = {Monthly Notices of the Royal Astronomical Society},
year = {2012},
volume = {424},
number = {4},
pages = {2936--2942},
month = aug
}

@article{2010ATel.2565....1A,
author = {Altamirano, D and Wijnands, R and van der Klis, M and Patruno, A and Watts, A and Armas Padilla, M and Cavecchi, Y and Degenaar, N and Kalamkar, M and Kaur, R and Yang, Y J and Casella, P and Linares, M and Soleri, P and Rea, N},
title = {{Detection of coherent millisecond pulsations at {\textasciitilde}518 Hz in the LMXB Swift J1749.4-2807 (GRB060602B)}},
journal = {The Astronomer's Telegram},
year = {2010},
volume = {2565},
month = apr
}

@article{2018cosp...42E.471B,
author = {Burderi, Luciano and Fiore, Fabrizio and Papitto, Alessandro and Sanna, Andrea and Di Salvo, Tiziana and Riggio, Alessandro},
title = {{The HERMES Project (High Energy Rapid Modular Ensemble of Satellites): Probing Space-time Quantum Foam and Hunting for Gravitational Wave Electromagnetic Counterpart}},
journal = {42nd COSPAR Scientific Assembly. Held 14-22 July 2018},
year = {2018},
volume = {42},
pages = {E1.17--34--18},
month = jul
}

@article{2018ATel11581....1B,
author = {Bult, P M and Gendreau, K C and Ray, P S and Altamirano, D and Arzoumanian, Z and Strohmayer, T E and Homan, J and Chakrabarty, D},
title = {{Further NICER observations of the accreting millisecond pulsar Swift J1756.9-2508}},
journal = {The Astronomer's Telegram},
year = {2018},
volume = {1581},
month = apr
}

@article{2018ATel11507....1S,
author = {Strohmayer, T E and Ray, P S and Gendreau, K C and Bult, P M and Guillot, S and Mahmoodifar, S and Jaisawal, G K and Arzoumanian, Z and Altamirano, D and Bogdanov, S and Chakrabarty, D and Enoto, T and Markwardt, C B and Ozel, F and Ransom, S M},
title = {{NICER discovers millisecond pulsations from the neutron star LMXB IGR J17379-3747}},
journal = {The Astronomer's Telegram},
year = {2018},
volume = {1507},
month = apr
}

@article{2003A&A...404L..43B,
author = {Burderi, L and Di Salvo, T and D'Antona, F and Robba, N R and Testa, V},
title = {{The optical counterpart to SAX J1808.4-3658 in quiescence: Evidence of an active radio pulsar?}},
journal = {Astronomy {\&} Astrophysics},
year = {2003},
volume = {404},
number = {3},
pages = {L43--L46},
month = jun
}

@article{1998tx19.confE.231B,
author = {Burderi, L and Di Salvo, T and Iaria, R and La Barbera, N and Robba, N R and Colpi, M and D'Amico, N and Possenti, A},
title = {{The squeezed magnetosphere: spin evolution of accreting neutron star, magnetic field decay and kHz QPOs}},
journal = {Abstracts of the 19th Texas Symposium on Relativistic Astrophysics and Cosmology},
year = {1998},
pages = {231},
month = dec
}

@article{2010ApJ...712L..58A,
author = {Altamirano, D and Patruno, A and Heinke, C O and Markwardt, C and Strohmayer, T E and Linares, M and Wijnands, R and van der Klis, M and Swank, J H},
title = {{Discovery of a 205.89 Hz Accreting Millisecond X-ray Pulsar in the Globular Cluster NGC 6440}},
journal = {The Astrophysical Journal Letters},
year = {2010},
volume = {712},
number = {1},
pages = {L58--L62},
month = mar
}

@article{2019ApJ...887L..27G,
author = {Guillot, Sebastien and Kerr, Matthew and Ray, Paul S and Bogdanov, Slavko and Ransom, Scott and Deneva, Julia S and Arzoumanian, Zaven and Bult, Peter and Chakrabarty, Deepto and Gendreau, Keith C and Ho, Wynn C G and Jaisawal, Gaurava K and Malacaria, Christian and Miller, M Coleman and Strohmayer, Tod E and Wolff, Michael T and Wood, Kent S and Webb, Natalie A and Guillemot, Lucas and Cognard, Ismael and Theureau, Gilles},
title = {{NICER X-Ray Observations of Seven Nearby Rotation-powered Millisecond Pulsars}},
journal = {The Astrophysical Journal Letters},
year = {2019},
volume = {887},
number = {1},
pages = {L27},
month = dec
}

@article{2007rxte.prop93086A,
author = {Altamirano, Diego},
title = {{Xmm-Newton Simultaneous Observations of 4U{\textasciitilde}1608--52 or AQL X-1.}},
journal = {RXTE Proposal id.93086},
year = {2007},
pages = {93086},
month = n/a,
annote = {RXTE Proposal {\#}93086, Cycle 12}
}

@article{2019ApJ...883...39L,
author = {Ludlam, R M and Shishkovsky, L and Bult, P M and Miller, J M and Zoghbi, A and Strohmayer, T E and Reynolds, M and Natalucci, L and Miller-Jones, J C A and Jaisawal, G K and Guillot, S and Gendreau, K C and Garc{\'\i}a, J A and Fiocchi, M and Fabian, A C and Chakrabarty, D and Cackett, E M and Bahramian, A and Arzoumanian, Z and Altamirano, D},
title = {{Observations of the Ultra-compact X-Ray Binary 4U 1543-624 in Outburst with NICER, INTEGRAL, Swift, and ATCA}},
journal = {The Astrophysical Journal},
year = {2019},
volume = {883},
number = {1},
pages = {39},
month = sep
}

@article{1998ApJ...509...85B,
author = {Burderi, L and King, A R and Szuszkiewicz, E},
title = {{Does the Thermal Disk Instability Operate in Active Galactic Nuclei?}},
journal = {The Astrophysical Journal},
year = {1998},
volume = {509},
number = {1},
pages = {85--92},
month = dec
}

@article{2013ATel.5192....1A,
author = {Altamirano, D and Wijnands, R and Belloni, T},
title = {{Low-level X-ray variability observed from the black hole candidate IGR J17091-3624}},
journal = {The Astronomer's Telegram},
year = {2013},
volume = {5192},
month = jul
}

@article{2005ASPC..328..269B,
author = {Burderi, L and D'Antona, F and Di Salvo, T and Lavagetto, G and Iaria, R and Robba, N R},
title = {{To Accrete or not to Accrete: The Dilemma of the Recycling Scenario}},
journal = {Binary Radio Pulsars},
year = {2005},
volume = {328},
pages = {269--},
month = jul
}

@article{2020ApJ...898...38B,
author = {Bult, Peter and Chakrabarty, Deepto and Arzoumanian, Zaven and Gendreau, Keith C and Guillot, Sebastien and Malacaria, Christian and Ray, Paul S and Strohmayer, Tod E},
title = {{Timing the Pulsations of the Accreting Millisecond Pulsar SAX J1808.4-3658 during Its 2019 Outburst}},
journal = {The Astrophysical Journal},
year = {2020},
volume = {898},
number = {1},
pages = {38},
month = jul
}

@article{2012ApJ...746L..27P,
author = {Patruno, Alessandro and Bult, Peter and Gopakumar, Achamveedu and Hartman, Jacob M and Wijnands, Rudy and van der Klis, Michiel and Chakrabarty, Deepto},
title = {{Accelerated Orbital Expansion and Secular Spin-down of the Accreting Millisecond Pulsar SAX J1808.4-3658}},
journal = {The Astrophysical Journal Letters},
year = {2012},
volume = {746},
number = {2},
pages = {L27},
month = feb
}

@article{2021ApJ...908L..15N,
author = {Ng, Mason and Ray, Paul S and Bult, Peter and Chakrabarty, Deepto and Jaisawal, Gaurava K and Malacaria, Christian and Altamirano, Diego and Arzoumanian, Zaven and Gendreau, Keith C and G{\"u}ver, Tolga and Kerr, Matthew and Strohmayer, Tod E and Wadiasingh, Zorawar and Wolff, Michael T},
title = {{NICER Discovery of Millisecond X-Ray Pulsations and an Ultracompact Orbit in IGR J17494-3030}},
journal = {The Astrophysical Journal Letters},
year = {2021},
volume = {908},
number = {1},
pages = {L15},
month = feb
}

@article{1999ApL&C..38...81B,
author = {Burderi, L and Di Salvo, T and Guainazzi, M and La Barbera, N and Robba, N R},
title = {{Broad-Band X-Ray Observations of Two Typical Compact Sources by BeppoSAX}},
journal = {Astrophysical Letters and Communications},
year = {1999},
volume = {38},
pages = {81--},
month = n/a
}

@article{1995MNRAS.276.1141B,
author = {Burderi, L and King, A R},
title = {{The three-ring structure of Supernova 1987A}},
journal = {Monthly Notices of the Royal Astronomical Society},
year = {1995},
volume = {276},
number = {4},
pages = {1141--1147},
month = oct
}

@article{2015ATel.7836....1S,
author = {Sanna, A and Pintore, F and Riggio, A and Burderi, L and Di Salvo, T and Iaria, R and Scarano, F and Papitto, A and Bozzo, E},
title = {{Swift detected a renewed X-ray activity in IGR J00291+5934}},
journal = {The Astronomer's Telegram},
year = {2015},
volume = {7836},
month = jul
}

@article{2008cosp...37...74A,
author = {Altamirano, Diego and Cumming, Andrew and Wijnands, Rudy and van der Klis, Michiel},
title = {{Millihertz quasi-periodic oscillations and their relation with Type-I X-ray Bursts: an intimate relation?}},
journal = {37th COSPAR Scientific Assembly. Held 13-20 July 2008},
year = {2008},
volume = {37},
pages = {74--},
month = n/a,
annote = {Symposium E, session 11 (oral). Paper number: E11-0037-08}
}

@article{2010xmm..prop..201B,
author = {Burderi, Luciano},
title = {{Probing the inner disk origin of the iron line in SAX J1808.4-3658}},
journal = {XMM-Newton Proposal ID 06748301},
year = {2010},
pages = {201},
month = oct
}

@article{2008rxte.prop94315A,
author = {Altamirano, Diego},
title = {{Observations of the Intermittent X-Ray Pulsar SAX J1748.9-2021}},
journal = {RXTE Proposal id.94315},
year = {2008},
pages = {94315},
month = n/a,
annote = {RXTE Proposal {\#}94315, Cycle 13}
}

@article{1994ASPC...61..353B,
author = {Burderi, Luciano},
title = {{Simulations of aperiodic and periodic variability on X ray sources}},
journal = {Astronomical Data Analysis Software and Systems III},
year = {1994},
volume = {61},
pages = {353--},
month = n/a
}

@article{2007rxte.prop93055A,
author = {Altamirano, Diego},
title = {{RXTE Observations of the Next Outburst of a Bright Neutron Star Transient}},
journal = {RXTE Proposal id.93055},
year = {2007},
pages = {93055},
month = n/a,
annote = {RXTE Proposal {\#}93055, Cycle 12}
}

@article{2020MNRAS.493.1318V,
author = {van den Eijnden, J and Degenaar, N and Ludlam, R M and Parikh, A S and Miller, J M and Wijnands, R and Gendreau, K C and Arzoumanian, Z and Chakrabarty, D and Bult, P},
title = {{A strongly changing accretion morphology during the outburst decay of the neutron star X-ray binary 4U 1608-52}},
journal = {Monthly Notices of the Royal Astronomical Society},
year = {2020},
volume = {493},
number = {1},
pages = {1318--1327},
month = feb
}

@article{2011ApJ...727L..18A,
author = {Altamirano, D and Cavecchi, Y and Patruno, A and Watts, A and Linares, M and Degenaar, N and Kalamkar, M and van der Klis, M and Rea, N and Casella, P and Armas Padilla, M and Kaur, R and Yang, Y J and Soleri, P and Wijnands, R},
title = {{Discovery of an Accreting Millisecond Pulsar in the Eclipsing Binary System SWIFT J1749.4-2807}},
journal = {The Astrophysical Journal Letters},
year = {2011},
volume = {727},
number = {1},
pages = {L18},
month = jan
}

@article{2018ApJ...858L...5L,
author = {Ludlam, R M and Miller, J M and Arzoumanian, Z and Bult, P M and Cackett, E M and Chakrabarty, D and Dauser, T and Enoto, T and Fabian, A C and Garc{\'\i}a, J A and Gendreau, K C and Guillot, S and Homan, J and Jaisawal, G K and Keek, L and La Marr, B and Malacaria, C and Markwardt, C B and Steiner, J F and Strohmayer, T E},
title = {{Detection of Reflection Features in the Neutron Star Low-mass X-Ray Binary Serpens X-1 with NICER}},
journal = {The Astrophysical Journal Letters},
year = {2018},
volume = {858},
number = {1},
pages = {L5},
month = may
}

@article{2000HEAD....5.2306B,
author = {Burderi, L},
title = {{Spin Limited Mass Transfer in Millisecond Binary Pulsar Progenitors}},
journal = {American Astronomical Society},
year = {2000},
volume = {5},
pages = {23.06--},
month = oct
}

@article{2018A&A...617L...8S,
author = {Sanna, A and Ferrigno, C and Ray, P S and Ducci, L and Jaisawal, G K and Enoto, T and Bozzo, E and Altamirano, D and Di Salvo, T and Strohmayer, T E and Papitto, A and Riggio, A and Burderi, L and Bult, P M and Bogdanov, S and Gambino, A F and Marino, A and Iaria, R and Arzoumanian, Z and Chakrabarty, D and Gendreau, K C and Guillot, S and Markwardt, C and Wolff, M T},
title = {{NuSTAR and NICER reveal IGR J17591-2342 as a new accreting millisecond X-ray pulsar}},
journal = {Astronomy {\&} Astrophysics},
year = {2018},
volume = {617},
pages = {L8},
month = oct
}

@article{2015MNRAS.452.3994M,
author = {Mukherjee, Dipanjan and Bult, Peter and van der Klis, Michiel and Bhattacharya, Dipankar},
title = {{The magnetic-field strengths of accreting millisecond pulsars}},
journal = {Monthly Notices of the Royal Astronomical Society},
year = {2015},
volume = {452},
number = {4},
pages = {3994--4012},
month = oct
}

@article{2013MmSAI..84..117B,
author = {Burderi, L and Di Salvo, T},
title = {{On low mass X-ray binaries and millisecond pulsar}},
journal = {Memorie della Societa Astronomica Italiana},
year = {2013},
volume = {84},
pages = {117--},
month = n/a
}

@article{2005AIPC..797.....B,
author = {Burderi, Luciano and Antonelli, L Angelo and D'Antona, Francesca and Di Salvo, Tiziana and Israel, Gian Luca and Piersanti, Luciano and Tornamb{\`e}, Amedeo and Straniero, Oscar},
title = {{Interacting Binaries: Accretion, Evolution, Outcomes}},
journal = {Interacting Binaries: Accretion},
year = {2005},
volume = {797},
month = oct
}

@article{2015ApJ...806...90B,
author = {Bult, Peter and van der Klis, Michiel},
title = {{The Aperiodic X-Ray Variability of the Accreting Millisecond Pulsar SAX J1808.4-3658}},
journal = {The Astrophysical Journal},
year = {2015},
volume = {806},
number = {1},
pages = {90},
month = jun
}

@article{2002ApJ...574..930B,
author = {Burderi, L and Di Salvo, T and Stella, L and Fiore, F and Robba, N R and van der Klis, M and Iaria, R and M{\'e}ndez, M and Menna, M T and Campana, S and Gennaro, G and Rebecchi, S and Burgay, M},
title = {{A BeppoSAX Observation of KS 1731-260 in Its Quiescent State: Constraints on the Magnetic Field of the Neutron Star}},
journal = {The Astrophysical Journal},
year = {2002},
volume = {574},
number = {2},
pages = {930--936},
month = aug
}

@article{2011xru..conf..141S,
author = {Sanna, Andrea and Hiemstra, Beike and M{\'e}ndez, Mariano and Altamirano, Diego and Belloni, Tomaso},
title = {{Kilohertz QPOs and broad iron emission lines as a probe of strong-field gravity}},
journal = {"The X-ray Universe 2011},
year = {2011},
pages = {141},
month = aug
}

@article{2017MNRAS.469....2S,
author = {Sanna, A and Riggio, A and Burderi, L and Pintore, F and Di Salvo, T and D'A{\`\i}, A and Bozzo, E and Esposito, P and Segreto, A and Scarano, F and Iaria, R and Gambino, A F},
title = {{Study of the accretion torque during the 2014 outburst of the X-ray pulsar GRO J1744-28}},
journal = {Monthly Notices of the Royal Astronomical Society},
year = {2017},
volume = {469},
number = {1},
pages = {2--12},
month = jul
}

@article{2018ApJ...860L...9B,
author = {Bult, Peter and Altamirano, Diego and Arzoumanian, Zaven and Cackett, Edward M and Chakrabarty, Deepto and Doty, John and Enoto, Teruaki and Gendreau, Keith C and Guillot, Sebastien and Homan, Jeroen and Jaisawal, Gaurava K and Lamb, Frederick K and Ludlam, Renee M and Mahmoodifar, Simin and Markwardt, Craig and Okajima, Takashi and Price, Sam and Strohmayer, Tod E and Winternitz, Luke},
title = {{NICER Detects a Soft X-Ray Kilohertz Quasi-periodic Oscillation in 4U 0614+09}},
journal = {The Astrophysical Journal Letters},
year = {2018},
volume = {860},
number = {1},
pages = {L9},
month = jun
}

@article{2008ATel.1459....1A,
author = {Altamirano, D and Degenaar, N and in't Zand, J and Markwardt, C and Wijnands, R},
title = {{Swift/XRT follow-up observations of IGR J17473-2721}},
journal = {The Astronomer's Telegram},
year = {2008},
volume = {1459},
month = apr
}

@article{2006ChJAS...6a.192B,
author = {Burderi, L and Di Salvo, T and Riggio, A and Menna, M T and Lavagetto, G and Papitto, A and Iaria, R and Robba, N R and Stella, L},
title = {{Timing an Accreting Millisecond Pulsar: Measuring the Accretion Torque in IGR J00291+5934}},
journal = {Chinese Journal of Astronomy and Astrophysics},
year = {2006},
volume = {6},
number = {S},
pages = {192--196},
month = dec
}

@article{2011ATel.3225....1A,
author = {Altamirano, D and Linares, M and van der Klis, M and Wijnands, R and Kalamkar, M and Casella, P and Watts, A and Patruno, A and Armas Padilla, M and Cavecchi, Y and Degenaar, N and Kaur, R and Yang, Y and Rea, N},
title = {{Discovery of 10 mHz quasi-periodic oscillations likely from IGR J17091-3624}},
journal = {The Astronomer's Telegram},
year = {2011},
volume = {3225},
month = mar
}

@article{2001ASPC..234..237B,
author = {Burderi, L and D'Antona, F and Menna, M T and Stella, L and Di Salvo, T and Iaria, R and Robba, N R and Possenti, A and D'Amico, N and Burgay, M},
title = {{A radio pulsar phase in accreting X-ray binaries: limited mass transfer and spin-up of the neutron star}},
journal = {X-ray Astronomy 2000},
year = {2001},
volume = {234},
pages = {237--},
month = n/a,
annote = {ISBN: 1-58381-071-4}
}

@article{1997NCimC..20..763B,
author = {Burderi, L and King, A R},
title = {{A radio pulsar in SN 1987A?}},
journal = {Nuovo Cimento C},
year = {1997},
volume = {20},
pages = {763--767},
month = oct
}

@article{2015ApJ...798L..29B,
author = {Bult, Peter and van der Klis, Michiel},
title = {{Pulse Amplitude Depends on kHz QPO Frequency in the Accreting Millisecond Pulsar SAX J1808.4-3658}},
journal = {The Astrophysical Journal Letters},
year = {2015},
volume = {798},
number = {2},
pages = {L29},
month = jan
}

@article{2011ATel.3299....1A,
author = {Altamirano, D and Belloni, T and Krimm, H and Casella, P and Curran, P and Kennea, J and Kalamkar, M and van der Klis, M and Wijnands, R and Linares, M and Motta, S and Mu{\~n}oz-Darias, T and Stiele, H},
title = {{RXTE observations strengthen the similarities between the black hole candidates IGR J17091-3624 and GRS 1915+105.}},
journal = {The Astronomer's Telegram},
year = {2011},
volume = {3299},
month = apr
}

@article{1999ApJ...512L..59B,
author = {Burderi, L and Fauci, F and Boriakoff, V},
title = {{An Upper Limit on the Power-Law Index of the Radio Spectrum of Geminga}},
journal = {The Astrophysical Journal},
year = {1999},
volume = {512},
number = {1},
pages = {L59--L62},
month = feb
}

@article{2010ATel.2500....1A,
author = {Altamirano, D and Patruno, A and Heinke, C and Linares, M and Markwardt, C and Strohmayer, T},
title = {{New outburst of the accreting-millisecond X-ray pulsar NGC 6440 X-2}},
journal = {The Astronomer's Telegram},
year = {2010},
volume = {2500},
month = mar
}

@article{2010cosp...38.2401A,
author = {Altamirano, Diego},
title = {{Testing accretion physics using intermittent accreting millisecond X-ray pulsars}},
journal = {38th COSPAR Scientific Assembly. Held 18-15 July 2010},
year = {2010},
volume = {38},
pages = {2--},
month = n/a,
annote = {Symposium E, session 13, paper number E13-0023-10 (Oral)}
}

@article{2015ApJ...814..138B,
author = {Bult, Peter and Patruno, Alessandro and van der Klis, Michiel},
title = {{Coherent Timing of the Accreting Millisecond Pulsar NGC 6440 X-2}},
journal = {The Astrophysical Journal},
year = {2015},
volume = {814},
number = {2},
pages = {138},
month = dec
}

@article{2010MNRAS.408..622S,
author = {Sanna, Andrea and M{\'e}ndez, Mariano and Altamirano, Diego and Homan, Jeroen and Casella, Piergiorgio and Belloni, Tomaso and Lin, Dacheng and van der Klis, Michiel and Wijnands, Rudy},
title = {{The kilohertz quasi-periodic oscillations during the Z and atoll phases of the unique transient XTE J1701-462}},
journal = {Monthly Notices of the Royal Astronomical Society},
year = {2010},
volume = {408},
number = {1},
pages = {622--630},
month = oct
}

@article{2019ATel12882....1S,
author = {Sanna, A and Pintore, F and Riggio, A and Burderi, L and Gambino, A F and Gendreau, K C and Arzoumanian, Z and Bult, P M and Di Salvo, T and Iaria, R and Ferrigno, C and Bozzo, E and Papitto, A},
title = {{NICER and SWIFT/XRT detect a new outburst of the accreting millisecond X-ray pulsar SWIFT J1756.9-2508.}},
journal = {The Astronomer's Telegram},
year = {2019},
volume = {2882},
pages = {1},
month = jun
}

@article{2012arXiv1207.0207B,
author = {Burderi, Luciano and Di Salvo, Tiziana},
title = {{The quantum clock: a critical discussion on space-time}},
journal = {arXiv.org},
year = {2012},
eprint = {1207.0207},
eprinttype = {arxiv},
eprintclass = {1207},
pages = {arXiv:1207.0207},
month = jul,
annote = {12 pages, oral presentation at the 13th Marcel Grossmann Meeting, Stockholm 1-7 July 2012; Phys. Rev. D 93, 064017 (2016); doi:10.1103/PhysRevD.93.064017}
}

@article{2019ATel12447....1S,
author = {Sanna, A and Uttley, P and Altamirano, D and Homan, J and Jaisawal, G K and Gendreau, K and Arzoumanian, Z and Guver, T and Bozzo, E and Ferrigno, C and Papitto, A and Burderi, L and Riggio, A and Di Salvo, T and Miller, J M and Guillot, S and Neilsen, J},
title = {{NICER identification of MAXI J1348-630 as a probable black hole X-ray binary}},
journal = {The Astronomer's Telegram},
year = {2019},
volume = {2447},
month = jan
}

@article{2012ATel.3913....1A,
author = {Altamirano, D and Wijnands, R and Belloni, T and Motta, S},
title = {{The black hole candidate IGR J17091-3624 is still active}},
journal = {The Astronomer's Telegram},
year = {2012},
volume = {3913},
month = feb
}

@article{2010MNRAS.409.1136A,
author = {Altamirano, D and Watts, A and Linares, M and Markwardt, C B and Strohmayer, T and Patruno, A},
title = {{Type I X-ray bursts and burst oscillations in the accreting millisecond X-ray pulsar IGR J17511-3057}},
journal = {Monthly Notices of the Royal Astronomical Society},
year = {2010},
volume = {409},
number = {3},
pages = {1136--1145},
month = dec
}

@article{2019ApJ...878L..27S,
author = {Strohmayer, T E and Altamirano, D and Arzoumanian, Z and Bult, P M and Chakrabarty, D and Chenevez, J and Fabian, A C and Gendreau, K C and Guillot, S and in 't Zand, J J M and Jaisawal, G K and Keek, L and Kosec, P and Ludlam, R M and Mahmoodifar, S and Malacaria, Christian and Miller, J M},
title = {{NICER Discovers Spectral Lines during Photospheric Radius Expansion Bursts from 4U 1820-30: Evidence for Burst-driven Winds}},
journal = {The Astrophysical Journal Letters},
year = {2019},
volume = {878},
number = {2},
pages = {L27},
month = jun
}

@article{2014ATel.5910....1S,
author = {Sanna, A and Pintore, F and Riggio, A and Burderi, L and Di Salvo, T and D'A{\`\i}, A and Iaria, R and Robba, N R},
title = {{Phase shift during an X-ray burst in GRO J1744-28}},
journal = {The Astronomer's Telegram},
year = {2014},
volume = {5910},
month = feb
}

@article{2010fym..confE..20A,
author = {Altamirano, D},
title = {{Observations of AMSP/bursters}},
journal = {"The First Year of MAXI: Monitoring Variable X-ray Sources"},
year = {2010},
pages = {20},
month = dec
}

@article{2004RMxAC..20...25B,
author = {Burderi, L and Di Salvo, T and D'Antona, F and Robba, N R and Testa, V},
title = {{The Optical Counterpart of SAX J1808.4-3658 in Quiescence: Evidence of an Active Radio Pulsar?}},
journal = {Compact Binaries in the Galaxy and Beyond},
year = {2004},
volume = {20},
pages = {25--27},
month = jul
}

@article{2015ATel.7231....1S,
author = {Sanna, A and Pintore, F and D'A{\`\i}, A and Riggio, A and Burderi, L and Di Salvo, T and Iaria, R and Scarano, F},
title = {{AGLJ2251+6454: Swift non-detection of any X-ray counterpart}},
journal = {The Astronomer's Telegram},
year = {2015},
volume = {7231},
month = mar
}

@article{1999ApJ...519..285B,
author = {Burderi, Luciano and Possenti, Andrea and Colpi, Monica and Di Salvo, Tiziana and D'Amico, Nichi},
title = {{Neutron stars with submillisecond periods: a population of high mass objects?}},
journal = {arXiv.org},
year = {1999},
eprint = {astro-ph/9904331v1},
eprinttype = {arxiv},
eprintclass = {astro-ph},
number = {1},
pages = {285--290},
month = apr,
annote = {To appear in the Astrophysical Journal, June 1999}
}

@article{2002astro.ph..8021B,
author = {Burderi, Luciano and D'Antona, Francesca and Di Salvo, Tiziana and Burgay, Marta},
title = {{Radio ejection in the evolution of X-ray binaries: the bridge between low mass X-ray binaries and millisecond pulsars}},
journal = {arXiv.org},
year = {2002},
eprint = {astro-ph/0208021},
eprinttype = {arxiv},
eprintclass = {astro-ph},
pages = {arXiv:astro--ph--0208021},
month = aug,
annote = {6 pages, including 3 figures. To appear in the proceedings of the XXII Moriond Astrophysics Meeting "The Gamma-Ray Universe" (Les Arcs, March 9-16, 2002), eds. A. Goldwurm, D. Neumann, and J. Tran Thanh Van, The Gioi Publishers (Vietnam)}
}

@article{2018MNRAS.481.1658S,
author = {Sanna, A and Pintore, F and Riggio, A and Mazzola, S M and Bozzo, E and Di Salvo, T and Ferrigno, C and Gambino, A F and Papitto, A and Iaria, R and Burderi, L},
title = {{SWIFT J1756.9-2508: spectral and timing properties of its 2018 outburst}},
journal = {Monthly Notices of the Royal Astronomical Society},
year = {2018},
volume = {481},
number = {2},
pages = {1658--1666},
month = dec
}

@article{2017xru..conf..200S,
author = {Sanna, A and Burderi, L and Di Salvo, T and Riggio, A and Iaria, R},
title = {{On the long-term orbital evolution of the accreting millisecond X-ray pulsar SAX J1808.4-3658}},
journal = {The X-ray Universe 2017},
year = {2017},
pages = {200--},
month = oct
}

@article{2005astro.ph..9224B,
author = {Di Salvo, T and Iaria, R and Robba, N and Burderi, L},
title = {{High Resolution and Broad Band Spectra of Low Mass X-ray Binaries: A Comparison between Black Holes and Neutron Stars}},
journal = {arXiv.org},
year = {2005},
eprint = {astro-ph/0509224},
eprinttype = {arxiv},
eprintclass = {astro-ph},
number = {S1},
pages = {arXiv:astro--ph--0509224},
month = sep,
annote = {Proceedings of the Frascati Workshop 2005: Multifrequency Behaviour of High Energy Cosmic Sources, Vulcano, May 23-28. 13 pages including 4 figures}
}

@article{2011ATel.3334....1A,
author = {Altamirano, D and Kalamkar, M and Yang, Y and Degenaar, N and Wijnands, R and Casella, P and Linares, M and Rea, N and Watts, A and Patruno, A and Armas Padilla, M and Cavecchi, Y and van der Klis, M and Kaur, R},
title = {{Discovery of 1 Hz quasi-periodic oscillations in an RXTE observation of MAXI J1543-564}},
journal = {The Astronomer's Telegram},
year = {2011},
volume = {3334},
month = may
}

@inproceedings{2011fxts.confE..31S,
author = {Sanna, A},
title = {{Kilohertz quasi-Periodic oscillations and broad iron emission lines as a probe of strong-filed gravity}},
booktitle = {Proceedings of Fast X-ray timing and spectroscopy at extreme count rates (HTRS 2011). February 7-11},
year = {2011},
pages = {31},
month = n/a
}

@article{2010ATel.2932....1A,
author = {Altamirano, D and Watts, A and Kalamkar, M and Homan, J and Yang, Y and Casella, P and Linares, M and Patruno, A and Armas Padilla, M and Cavecchi, Y and Degenaar, N and Kaur, R and van der Klis, M and Rea, N and Wijnands, R},
title = {{Discovery of 11 Hz burst oscillations from the 11 Hz Eclipsing Pulsar in Terzan 5}},
journal = {The Astronomer's Telegram},
year = {2010},
volume = {2932},
month = oct
}

@article{2002ApJ...574..325B,
author = {Burderi, Luciano and D'Antona, Francesca and Burgay, Marta},
title = {{PSR J1740-5340: accretion inhibited by radio-ejection in a binary millisecond pulsar in the Globular Cluster NGC 6397}},
journal = {arXiv.org},
year = {2002},
eprint = {astro-ph/0203387v2},
eprinttype = {arxiv},
eprintclass = {astro-ph},
number = {1},
pages = {325--331},
month = mar,
annote = {Accepted for publication in The Astrophysical Journal}
}

@article{2017A&A...598A..34S,
author = {Sanna, A and Papitto, A and Burderi, L and Bozzo, E and Riggio, A and Di Salvo, T and Ferrigno, C and Rea, N and Iaria, R},
title = {{Discovery of a new accreting millisecond X-ray pulsar in the globular cluster NGC 2808}},
journal = {Astronomy {\&} Astrophysics},
year = {2017},
volume = {598},
pages = {A34},
month = feb
}

@article{2019ApJ...883...61J,
author = {Jaisawal, Gaurava K and Chenevez, J{\'e}r{\^o}me and Bult, Peter and in't Zand, Jean J M and Galloway, Duncan K and Strohmayer, Tod E and G{\"u}ver, Tolga and Adkins, Phillip and Altamirano, Diego and Arzoumanian, Zaven and Chakrabarty, Deepto and Coopersmith, Jonathan and Gendreau, Keith C and Guillot, Sebastien and Keek, Laurens and Ludlam, Renee M and Malacaria, Christian},
title = {{NICER Observes a Secondary Peak in the Decay of a Thermonuclear Burst from 4U 1608-52}},
journal = {The Astrophysical Journal},
year = {2019},
volume = {883},
number = {1},
pages = {61},
month = sep
}

@article{2021ATel14425....1G,
author = {Grebenev, S A and Mereminskiy, I A},
title = {{New X-ray transient IGR J17533-2928 discovered by INTEGRAL}},
journal = {The Astronomer's Telegram},
year = {2021},
volume = {4425},
month = feb
}

@inproceedings{2004NuPhS.132..512B,
author = {Burderi, L and Di Salvo, T and D'Antona, F and Robba, N R and Testa, V},
title = {{The optical counterpart of SAX J1808.4-3658 in quiescence: evidence of an active radio pulsar?}},
booktitle = {Nuclear Physics B Proceedings Supplements},
year = {2004},
pages = {512--517},
organization = {Osservatorio Astronomico di Roma, via Frascati 33, 00040 Roma, Italy},
month = jun
}

@article{2019ApJ...877...70B,
author = {Bult, Peter and Markwardt, Craig B and Altamirano, Diego and Arzoumanian, Zaven and Chakrabarty, Deepto and Gendreau, Keith C and Guillot, Sebastien and Jaisawal, Gaurava K and Ray, Paul S and Strohmayer, Tod E},
title = {{On the Curious Pulsation Properties of the Accreting Millisecond Pulsar IGR J17379-3747}},
journal = {The Astrophysical Journal},
year = {2019},
volume = {877},
number = {2},
pages = {70},
month = jun
}

@article{2010ATel.2426....1A,
author = {Altamirano, D and Patruno, A and Watts, A and Armas Padilla, M and Cavecchi, Y and Degenaar, N and Kalamkar, M and Kaur, R and Soleri, P and Yang, Y J and van der Klis, M and Wijnands, R and Casella, P and Linares, M and Rea, N},
title = {{Discovery of kilohertz QPOs in RXTE observations of SAX J1748.9-2021.}},
journal = {The Astronomer's Telegram},
year = {2010},
volume = {2426},
month = feb
}

@article{2018A&A...617L...8S,
author = {Sanna, A and Ferrigno, C and Ray, P S and Ducci, L and Jaisawal, G K and Enoto, T and Bozzo, E and Altamirano, D and Di Salvo, T and Strohmayer, T E and Papitto, A and Riggio, A and Burderi, L and Bult, P M and Bogdanov, S and Gambino, A F and Marino, A and Iaria, R and Arzoumanian, Z and Chakrabarty, D and Gendreau, K C and Guillot, S and Markwardt, C and Wolff, M T},
title = {{NuSTAR and NICER reveal IGR J17591-2342 as a new accreting millisecond X-ray pulsar}},
journal = {Astronomy {\&} Astrophysics},
year = {2018},
volume = {617},
pages = {L8},
month = oct
}

@article{2019arXiv191102154B,
author = {Burderi, L and Sanna, A and Di Salvo, T and Amati, L and Amelino-Camelia, G and Branchesi, M and Capozziello, S and Coccia, E and Colpi, M and Costa, E and D'Amico, N and De Bernardis, P and De Laurentis, M and Della Valle, M and Falcke, H and Feroci, M and Fiore, F and Frontera, F and Gambino, A F and Ghisellini, G and Hurley, K and Iaria, R and Kataria, D and Labanti, C and Lodato, G and Negri, B and Papitto, A and Piran, T and Riggio, A and Rovelli, C and Santangelo, A and Vidotto, F and Zane, S},
title = {{ESA Voyage 2050 white paper -- GrailQuest: hunting for Atoms of Space and Time hidden in the wrinkle of Space-Time}},
journal = {arXiv.org},
year = {2019},
eprint = {1911.02154},
eprinttype = {arxiv},
eprintclass = {1911},
pages = {arXiv:1911.02154},
month = nov,
annote = {White paper submitted in response to the ESA call Voyage 2050 - Submitted to Experimental Astronomy}
}

@article{2019arXiv190303035R,
author = {Ray, Paul S and Arzoumanian, Zaven and Ballantyne, David and Bozzo, Enrico and Brandt, Soren and Brenneman, Laura and Chakrabarty, Deepto and Christophersen, Marc and DeRosa, Alessandra and Feroci, Marco and Gendreau, Keith and Hartmann, Dieter and Hernanz, Margarita and Jenke, Peter and Kara, Erin and Maccarone, Tom and McDonald, Michael and Nowak, Michael and Phlips, Bernard and Remillard, Ron and Stevens, Abigail and Tomsick, John and Watts, Anna and Wilson-Hodge, Colleen and Wood, Kent and Zane, Silvia and Ajello, Marco and Alston, Will and Altamirano, Diego and Antoniou, Vallia and Arur, Kavitha and Ashton, Dominic and Auchettl, Katie and Ayres, Tom and Bachetti, Matteo and Balokovic, Mislav and Baring, Matthew and Baykal, Altan and Begelman, Mitch and Bhat, Narayana and Bogdanov, Slavko and Briggs, Michael and Bulbul, Esra and Bult, Petrus and Burns, Eric and Cackett, Ed and Campana, Riccardo and Caspi, Amir and Cavecchi, Yuri and Chenevez, J{\'e}r{\^o}me and Cherry, Mike and Corbet, Robin and Corcoran, Michael and Corsi, Alessandra and Degenaar, Nathalie and Drake, Jeremy and Eikenberry, Steve and Enoto, Teruaki and Fragile, Chris and Fuerst, Felix and Gandhi, Poshak and Garcia, Javier and Goldstein, Adam and Gonzalez, Anthony and Grefenstette, Brian and Grinberg, Victoria and Grossan, Bruce and Guillot, Sebastien and G{\"u}ver, Tolga and Haggard, Daryl and Heinke, Craig and Heinz, Sebastian and Hemphill, Paul and Homan, Jeroen and Hui, Michelle and Huppenkothen, Daniela and Ingram, Adam and Irwin, Jimmy and Jaisawal, Gaurava and Jaodand, Amruta and Kalemci, Emrah and Kaplan, David and Keek, Laurens and Kennea, Jamie and Kerr, Matthew and van der Klis, Michiel and Kocevski, Daniel and Koss, Mike and Kowalski, Adam and Lai, Dong and Lamb, Fred and Laycock, Silas and Lazio, Joseph and Lazzati, Davide and Longcope, Dana and Loewenstein, Michael and Maitra, Dipankair and Majid, Walid and Maksym, W Peter and Malacaria, Christian and Margutti, Raffaella and Martindale, Adrian and McHardy, Ian and Meyer, Manuel and Middleton, Matt and Miller, Jon and Miller, Cole and Motta, Sara and Neilsen, Joey and Nelson, Tommy and Noble, Scott and O'Brien, Paul and Osborne, Julian and Osten, Rachel and Ozel, Feryal and Palliyaguru, Nipuni and Pasham, Dheeraj and Patruno, Alessandro and Pelassa, Vero and Petropoulou, Maria and Pilia, Maura and Pohl, Martin and Pooley, David and Prescod-Weinstein, Chanda and Psaltis, Dimitrios and Raaijmakers, Geert and Reynolds, Chris and Riley, Thomas E and Salvesen, Greg and Santangelo, Andrea and Scaringi, Simone and Schanne, Stephane and Schnittman, Jeremy and Smith, David and Smith, Krista Lynne and Snios, Bradford and Steiner, Andrew and Steiner, Jack and Stella, Luigi and Strohmayer, Tod and Sun, Ming and Tauris, Thomas and Taylor, Corbin and Tohuvavohu, Aaron and Vacchi, Andrea and Vasilopoulos, Georgios and Veledina, Alexandra and Walsh, Jonelle and Weinberg, Nevin and Wilkins, Dan and Willingale, Richard and Wilms, Joern and Winter, Lisa and Wolff, Michael and in 't Zand, Jean and Zezas, Andreas and Zhang, Bing and Zoghbi, Abdu},
title = {{STROBE-X: X-ray Timing and Spectroscopy on Dynamical Timescales from Microseconds to Years}},
journal = {arXiv.org},
year = {2019},
eprint = {1903.03035},
eprinttype = {arxiv},
eprintclass = {1903},
pages = {arXiv:1903.03035},
month = mar,
annote = {50 pages, Probe class mission concept study report submitted to NASA for Astro2020 Decadal Survey}
}

@article{2000ApJ...530..429B,
author = {Burderi, L and Di Salvo, T and Robba, N R and La Barbera, A and Guainazzi, M},
title = {{The 0.1-100 KEV Spectrum of Centaurus X-3: Pulse Phase Spectroscopy of the Cyclotron Line and Magnetic Field Structure}},
journal = {The Astrophysical Journal},
year = {2000},
volume = {530},
number = {1},
pages = {429--440},
month = feb
}

@article{2017ApJ...841...98P,
author = {Patruno, Alessandro and Jaodand, Amruta and Kuiper, Lucien and Bult, Peter and Hessels, Jason W T and Knigge, Christian and King, Andrew R and Wijnands, Rudy and van der Klis, Michiel},
title = {{Radio Pulse Search and X-Ray Monitoring of SAX J1808.4-3658: What Causes Its Orbital Evolution?}},
journal = {The Astrophysical Journal},
year = {2017},
volume = {841},
number = {2},
pages = {98},
month = jun
}

@article{2015ATel.7240....1A,
author = {Altamirano, D and Krimm, H A and Patruno, A and Bahramian, A and Heinke, C O and Wijnands, R and Degenaar, N},
title = {{Swift/BAT detects an outburst from an X-ray transient in the globular cluster Terzan 5}},
journal = {The Astronomer's Telegram},
year = {2015},
volume = {7240},
month = mar
}

@article{1998ApJ...498..831B,
author = {Burderi, L and Di Salvo, T and Robba, N R and Del Sordo, S and Santangelo, A and Segreto, A},
title = {{Temporal Analysis of EXO 0531-66 in Outburst}},
journal = {The Astrophysical Journal},
year = {1998},
volume = {498},
number = {2},
pages = {831--836},
month = may
}

@article{1997IAUC.6603....2B,
author = {Burderi, L and Robba, N and Guainazzi, M and Ricci, D and Capalbi, M and Celidonio, G and Coletta, A and Ricci, R and Smith, M and King, A R and Wynn, G A and Kolb, U},
title = {{U 1812-12}},
journal = {IAU Circ.},
year = {1997},
volume = {6603},
pages = {2},
month = mar
}

@article{1993AdSpR..13l.291B,
author = {Burderi, L and Robba, N R and Cusumano, G},
title = {{The power spectra as a probe of some physical features of X-ray binaries}},
journal = {Advances in Space Research (ISSN 0273-1177)},
year = {1993},
volume = {13},
month = dec
}

@article{2018ATel12158....1L,
author = {Ludlam, R M and Miller, J M and Arzoumanian, Z and Gendreau, K C and Bult, P M and Strohmayer, T E and Markwardt, C B and Homan, J and Uttley, P and Cackett, E M and Chakrabarty, D and Altamirano, D and Steiner, J F and Jaisawal, G K and Guillot, S and Wolff, M T and Ray, P S and Fabian, A C},
title = {{Initial NICER observation of the new X-ray transient Swift J1858.6-0814}},
journal = {The Astronomer's Telegram},
year = {2018},
volume = {2158},
month = nov
}

@article{2008PhDT.........4A,
author = {Altamirano, Diego},
title = {{Different manifestations of accretion onto compact objects}},
journal = {PhD. Thesis},
year = {2008},
month = apr
}

@article{1994PhDT.......230B,
author = {Burderi, L},
journal = {Ph.D. Thesis},
year = {1994},
month = n/a
}

@article{2005xmm..prop..244A,
author = {Altamirano, D},
title = {{First high resolution spectral studies from marginally stable nuclear burning}},
journal = {XMM-Newton Proposal ID 04067002},
year = {2005},
pages = {244},
month = oct
}

@article{2007ATel.1178....1A,
author = {Altamirano, Diego and Wijnands, Rudy and Degennar, Nathalie and Casella, Piergiorgio and Homan, Jeroen and Belloni, Tomaso and Campana, Sergio},
title = {{Following the neutron star transient XTE J1701-462 as it turns into quiescence.}},
journal = {The Astronomer's Telegram},
year = {2007},
volume = {1178},
month = aug
}

@article{2019ATel13148....1B,
author = {Bult, P M and Gendreau, K C and Strohmayer, T E and Arzoumanian, Z and Ray, P S and Mereminskiy, I A and Ludlam, R M and Chenevez, J and Jaisawal, G K and Wolff, M T and Malacaria, C},
title = {{NICER observes increasing luminosity from XTE J1739-285}},
journal = {The Astronomer's Telegram},
year = {2019},
volume = {3148},
month = sep
}

@article{2020MNRAS.496.1001C,
author = {C{\'u}neo, V A and Alabarta, K and Zhang, L and Altamirano, D and M{\'e}ndez, M and Armas Padilla, M and Remillard, R and Homan, J and Steiner, J F and Combi, J A and Mu{\~n}oz-Darias, T and Gendreau, K C and Arzoumanian, Z and Stevens, A L and Loewenstein, M and Tombesi, F and Bult, P and Fabian, A C and Buisson, D J K and Neilsen, J and Basak, A},
title = {{A NICER look at the state transitions of the black hole candidate MAXI J1535-571 during its reflares}},
journal = {Monthly Notices of the Royal Astronomical Society},
year = {2020},
volume = {496},
number = {2},
pages = {1001--1012},
month = aug
}

@article{2011xau5.confE...1A,
author = {Altamirano, D},
title = {{How Can We Identify A Black Hole From A Neutron Star?}},
journal = {The Second Ferrara Workshop on "X-ray Astrophysics up to 511 keV"},
year = {2011},
pages = {1},
month = sep
}

@article{2015mgm..conf.2203B,
author = {Burderi, L and Di Salvo, T},
title = {{The Quantum Clock: a Critical Discussion on Space-Time}},
journal = {The Thirteenth Marcel Grossmann Meeting: On Recent Developments in Theoretical and Experimental General Relativity},
year = {2015},
pages = {2203--2205},
month = jan
}

@article{1994ASSL..187..621B,
author = {Burderi, L and Guainazzi, M and Cusumano, G},
title = {{Line Features in Psds of X-Ray Binaries}},
journal = {Frontiers of Space and Ground-Based Astronomy: The Astrophysics of the 21st century},
year = {1994},
volume = {187},
pages = {621--},
month = n/a
}

@inproceedings{2012SPIE.8443E..13G,
author = {Gendreau, Keith C and Arzoumanian, Zaven and Okajima, Takashi},
title = {{The Neutron star Interior Composition ExploreR (NICER): an Explorer mission of opportunity for soft x-ray timing spectroscopy}},
booktitle = {Space Telescopes and Instrumentation 2012: Ultraviolet to Gamma Ray. Proceedings of the SPIE},
year = {2012},
pages = {844313},
organization = {NASA Goddard Space Flight Ctr. (United States)},
publisher = {International Society for Optics and Photonics},
month = sep,
annote = {ISBN: 9780819491442}
}

@article{2018ATel11423....1U,
author = {Uttley, P and Gendreau, K and Markwardt, C and Strohmayer, T E and Bult, P and Arzoumanian, Z and Pottschmidt, K and Ray, P S and Remillard, R and Pasham, D and Steiner, J and Neilsen, J and Homan, J and Miller, J M and Iwakiri, W and Fabian, A C},
title = {{NICER observations of MAXI J1820+070 suggest a rapidly-brightening black hole X-ray binary in the hard state}},
journal = {The Astronomer's Telegram},
year = {2018},
volume = {1423},
month = mar
}

@article{2019ATel12976....1B,
author = {Bult, P M and Gendreau, K C and Arzoumanian, Z and Strohmayer, T E and Ray, P S and Guillot, S and Iwakiri, W and Homan, J and Altamirano, D and Jaisawal, G K and Miller, J M},
title = {{NICER detection of QPOs from EXO 1846-031}},
journal = {The Astronomer's Telegram},
year = {2019},
volume = {2976},
month = aug
}

@inproceedings{2000AIPC..513..349B,
author = {Burderi, L and Di Salvo, T and Robba, N R and La Barbera, A},
title = {{Pulse phase resolved spectroscopy of the cyclotron line in centaurus X-3: Magnetic field structure of the neutron star}},
booktitle = {NUCLEAR AND CONDENSED MATTER PHYSICS: VI Regional Conference. AIP Conference Proceedings},
year = {2000},
pages = {349--352},
organization = {Osservatorio Astronomico di Roma, via Frascati 33-00040 Monteporzio Catone, Roma, Italy},
publisher = {American Institute of PhysicsAIP},
month = apr
}

@inproceedings{2020SPIE11444E..4XS,
author = {Sanna, Andrea and Burderi, Luciano and Di Salvo, Tiziana and Fiore, Fabrizio and Riggio, Alessandro and Gambino, Angelo and Lavagna, Mich{\`e}le and Bertacin, Roberto and Evangelista, Yuri and Campana, Riccardo and Fuschino, Fabio and Lunghi, Paolo and Monge, {\'A}ngel and Negri, Barbara and Pirrotta, Simone and Puccetti, Simonetta and Amarilli, Fabrizio and Ambrosino, Filippo and Amelino-Camelia, Giavanni and Anitra, Alessio and Barbera, Marco and Bechini, Michele and Bellutti, Paolo and Bertuccio, Giuseppe and Cao, Jiewei and Ceraudo, Francesco and Chen, Tianxiang and Cinelli, Matteo and Citossi, Marco and Clerici, Aurora and Colagrossi, Andrea and Curzel, Serena and Della Casa, Giovanni and Demenev, Evgeny and Del Santo, Melania and Dilillo, Giuseppe and Efremov, Pavel and Feroci, Marco and Feruglio, Chiara and Ferrandi, Fabrizio and Fiorini, Mauro and Fiorito, Michele and Gacnik, Dejan and Galgoczi, Gabor and Gao, Na and Gandola, Massimo and Ghirlanda, Giancarlo and Gamboc, Andreja and Grassi, Marco and Guidorzi, Cristiano and Guzman, Alejandro and Iaria, Rosario and Karlica, Mile and Kostic, Uros and Labanti, Claudio and La Rosa, Giovanni and Lo Cicero, Ugo and L{\'o}pez Fern{\'a}ndez, Borja and Malcovati, Piero and Maselli, Alessandro and Manca, Arianna and Mele, Filippo and Milankovich, Dorottya and Morgante, Gianluca and Nava, Lara and Nogara, Paolo and Ohno, Masanori and Ottolina, Daniele and Pasquale, Andrea and P{\'a}l, Andr{\'a}s and Perri, Matteo and Piccinin, Margherita and Piazzolla, Raffaele and Pliego-Caballero, Samuel and Prinetto, Jacopo and Pucacco, Giuseppe and Rashevskaya, Irina and Rashevsky, Alexander and Ripa, Jakub and Russo, Francesco and Papitto, Alessandro and Piranamonte, Silvia and Santangelo, Andrea and Scala, Francesca and Sciarrone, Giulia and Selcan, David and Silvestrini, Stefano and Sottile, Giuseppe and Rotovnik, Tomaz and Tenzer, Christoph and Troisi, Ivan and Vacchi, Andrea and Virgili, Enrico and Werner, Norbert and Wang, Lingjun and Xu, Yupeng and Zampa, Gianluigi and Zampa, Nicola and Zanotti, Giovanni},
title = {{Timing techniques applied to distributed modular high-energy astronomy: the H.E.R.M.E.S. project}},
booktitle = {Proceedings of the SPIE},
year = {2020},
pages = {114444X},
organization = {Univ. degli Studi di Cagliari (Italy)},
publisher = {International Society for Optics and Photonics},
month = dec,
annote = {ISBN: 9781510636750}
}

@article{2020ATel14056....1B,
author = {Bult, P M and Sanna, A and Gendreau, K C and Arzoumanian, Z and Strohmayer, T E and Burderi, L and Di Salvo, T and Chakrabarty, Deepto},
title = {{NICER detects pulsations from a new outburst of the accreting millisecond X-ray pulsar IGR J17379-3747}},
journal = {The Astronomer's Telegram},
year = {2020},
volume = {4056},
month = oct
}

@article{2015ATel.7874....1A,
author = {Altamirano, D and Bahramian, A and Sivakoff, G and Middleton, M and Knigge, C and Gandhi, P and Hynes, R and Johnson, C and Casella, P and Motta, S and Miller-Jones, J and Neilsen, J},
title = {{Swift follow-up observations of the new outburst of the black hole candidate V4641 Sgr}},
journal = {The Astronomer's Telegram},
year = {2015},
volume = {7874},
month = aug
}

@article{1993NCimC..16..675B,
author = {Burderi, L and Robba, N R and Guainazzi, M and Cusumano, G},
title = {{An analysis of the red noise in the power spectrum of X-ray binaries as a shot noise process.}},
journal = {Nuovo Cimento C},
year = {1993},
volume = {16},
number = {5},
pages = {675--684},
month = oct
}

@article{2012ApJ...759L..20A,
author = {Altamirano, D and Ingram, A and van der Klis, M and Wijnands, R and Linares, M and Homan, J},
title = {{Low-frequency Quasi-periodic Oscillation from the 11 Hz Accreting Pulsar in Terzan 5: Not Frame Dragging}},
journal = {The Astrophysical Journal Letters},
year = {2012},
volume = {759},
number = {1},
pages = {L20},
month = nov
}

@article{2016MNRAS.459.1340S,
author = {Sanna, A and Burderi, L and Riggio, A and Pintore, F and Di Salvo, T and Gambino, A F and Iaria, R and Matranga, M and Scarano, F},
title = {{Timing of the accreting millisecond pulsar SAX J1748.9-2021 during its 2015 outburst}},
journal = {Monthly Notices of the Royal Astronomical Society},
year = {2016},
volume = {459},
number = {2},
pages = {1340--1349},
month = jun
}

@article{2011ApJ...742L..17A,
author = {Altamirano, D and Belloni, T and Linares, M and van der Klis, M and Wijnands, R and Curran, P A and Kalamkar, M and Stiele, H and Motta, S and Mu{\~n}oz-Darias, T and Casella, P and Krimm, H},
title = {{The Faint "Heartbeats" of IGR J17091-3624: An Exceptional Black Hole Candidate}},
journal = {The Astrophysical Journal Letters},
year = {2011},
volume = {742},
number = {2},
pages = {L17},
month = dec
}

@article{2007cxo..prop.2367A,
author = {Altamirano, Diego},
title = {{First Chandra observation of the ultra-compact X-ray binary 4U{\textasciitilde}1850--087 during its high luminosity state}},
journal = {Chandra Proposal ID 09400380},
year = {2007},
month = sep
}

@article{2002rxte.prop70016B,
author = {Burderi, Luciano},
title = {{a Simultaneous Timing and Spectral Study of the Z Sourcescygnus X-2 and GX349+2 with RXTE and XMM}},
journal = {RXTE Proposal id.70016},
year = {2002},
pages = {70016},
month = n/a,
annote = {RXTE Proposal {\#}70016, Cycle 7}
}

@article{2019ATel13077....1B,
author = {Bult, P M and Gendreau, K C and Arzoumanian, Z and Strohmayer, T E and Chakrabarty, D and Jaisawal, G K and Chenevez, J and Guver, S Guillot T},
title = {{NICER detects a high luminosity reflare from SAX J1808.4-3658}},
journal = {The Astronomer's Telegram},
year = {2019},
volume = {3077},
month = sep
}

@article{1994ApJ...430L..57B,
author = {Burderi, L and King, A R},
title = {{The mass of the companion of PSR 1718-19}},
journal = {The Astrophysical Journal},
year = {1994},
volume = {430},
pages = {L57--L60},
month = jul
}

@article{2017ATel11067....1B,
author = {Bult, Peter and Gorgone, Nicholas and Younes, George and Kouveliotou, Chryssa and Harrison, Fiona},
title = {{Detection of Type-I X-ray bursts from MAXI J1621-501}},
journal = {The Astronomer's Telegram},
year = {2017},
volume = {1067},
month = dec
}

